3810 6098
112 261 175 329 118
580 250 770 316 eluentem
792 196 1016 312 atestensis
1038 251 1345 313 Autttttertsuurr.
1760 250 1821 313 216

148 395 210 455 Cur
221 409 292 471 ergo
308 408 367 452 non
384 404 486 448 omues
504 384 662 452 salvantur,
678 382 743 456 ipsa
756 383 871 440 Veritas
885 399 937 456 per
949 385 978 451 Α
992 381 1435 456 luminamur,sed'exigentibus
1446 379 1820 454 nostrismeritisadjuvati

111 486 258 548 domnam
277 479 482 553 evangelistam
503 473 686 547 respondeat.
702 474 757 529 lloe
775 480 815 528 est
835 480 937 538 namn,
992 489 1050 528 non
1068 490 1235 545 possumus.
1249 497 1263 522 a
1274 474 1316 528 Ab
1331 473 1537 544 Omniputcute
1551 469 1699 543 videlicet,
1711 472 1748 527 de
1763 487 1822 544 quo

113 574 223 651 inquit,
232 572 383 647 judiciorn,
399 566 464 638 quia
482 563 533 618 lux
547 564 621 620 verrit
644 564 675 618 ia
697 561 842 628 reundum,
858 570 883 617 et
896 561 939 616 di·
992 566 1022 618 et
1038 562 1146 618 Paulus
1161 562 1229 616 dicit
1246 579 1253 616 ι
1269 562 1299 617 Si
1311 578 1454 633 crepemus,
1464 568 1490 616 et
1510 560 1558 628 itte
1576 559 1688 630 nepoti!
1706 575 1758 616 aas
1772 561 1823 616 :si

111 668 241 727 mm
253 658 376 716 tmnines
390 651 514 709 tenebras
534 653 623 722 erupis
643 666 724 722 quum
744 651 840 706 turen.
858 651 942 704 Erum
992 667 1046 708 aaa
1062 651 1209 717 credimus,
1225 653 1272 707 itte
1282 651 1372 723 fidelis
1383 657 1533 722 permonet.
1549 649 1653 720 lt'epore
1676 665 1706 704 se
1731 651 1821 720 ipsam

111 754 188 817 μὴ
200 763 296 806 mm
309 743 383 798 motu
398 756 480 813 opero
493 742 585 808 (loca.
596 756 639 805 111,
652 739 706 811 19).
720 738 802 795 Unde
817 745 939 794 sanctus
992 755 1047 795 non
1067 748 1152 812 potest
1169 741 1207 808 (ll
1223 742 1289 796 Tira.
1306 757 1337 807 ιι,
1355 740 1410 807 12).
1423 740 1491 805 Qua
1511 737 1696 809 impotentia,
1712 742 1746 792 ut
1764 739 1822 793 Au-

111 834 294 911 Augustiuus
315 828 387 885 dicit
411 830 500 901 (anet.
518 829 552 883 12
576 830 606 883 in
628 828 723 899 tona.)
736 844 743 882 :
757 851 771 877 a
788 828 939 893 Quomodo
994 829 1133 902 gostinus
1155 829 1346 896 demonstrat,
1364 827 1490 883 maxime
1515 827 1551 882 ad
1576 825 1822 898 omnipotentiam

112 925 235 1001 guidem
245 920 356 976 bonum
367 934 441 991 opus
452 917 633 988 iecerunt,ut
641 915 774 972 venirent
784 916 819 971 ad
831 914 938 983 lucem,
994 917 1130 989 pertinet.
1147 916 1255 973 Fidelis
1276 918 1354 973 euim
1375 918 1537 988 pormanet,
1553 929 1661 986 negare
1690 913 1822 986 seipsum

113 1012 146 1075 id
159 1014 205 1069 est
218 1009 255 1067 ad
265 1005 427 1087 Christum,
438 1011 467 1062 et
477 1006 624 1078 quomodo
640 1003 760 1077 quidam
776 1004 941 1061 dilexerunt
994 1022 1052 1061 non
1070 1009 1175 1077 potest.
1191 1005 1273 1061 Unde
1285 1004 1363 1060 idem
1379 1004 1480 1059 doctor
1494 1001 1619 1059 eximius
1633 1002 1665 1057 in
1682 1002 1823 1083 Sermpne

111 1096 267 1161 tenebras?
283 1095 313 1153 Si
329 1111 432 1151 omues
453 1098 620 1167 peccatores
635 1093 754 1160 invenit,
765 1097 794 1149 et
807 1110 909 1149 omues
924 1111 942 1150 a
994 1094 1031 1150 de
1045 1094 1178 1167 symbolo
1194 1094 1230 1149 ad
1254 1093 1418 1165 Neophytos
1433 1093 1474 1147 ita
1489 1091 1561 1148 dicit
1576 1108 1584 1146 :
1597 1114 1611 1141 «
1628 1090 1823 1163 Omnipotens

110 1188 341 1267 μοοιιοοιιιιιί,
362 1187 391 1240 et
412 1200 532 1256 serpens
556 1182 659 1251 ille,in
676 1199 733 1255 quo
758 1183 942 1255 figurataest
993 1199 1029 1239 ex
1043 1181 1135 1238 nihilo
1160 1181 1299 1253 primitus
1314 1184 1421 1236 cuneta
1443 1180 1521 1246 tecit,
1535 1196 1603 1235 cum
1619 1178 1729 1251 quibus
1758 1179 1825 1236 tecit

111 1290 195 1339 moro
209 1271 337 1342 Domini,
349 1287 399 1328 eos
414 1275 501 1328 sanat
514 1271 565 1343 qui
584 1270 674 1327 morsi
694 1273 819 1337 fuerant,
831 1275 860 1326 ot
874 1287 940 1343 pru·
994 1271 1103 1345 pariter
1118 1271 1196 1326 nude
1221 1269 1298 1326 tecit.
1316 1268 1451 1325 Materies
1473 1267 1572 1340 itaque
1585 1267 1650 1323 eseli
1676 1271 1706 1323 et
1727 1271 1822 1336 terra,

111 1366 179 1441 pter
192 1377 311 1419 morsus
333 1359 477 1434 serpentis
501 1364 615 1417 erectus
641 1362 687 1415 est
709 1375 842 1432 serpena,
853 1359 881 1414 id
896 1364 941 1416 est
994 1359 1072 1417 sicut
1086 1359 1147 1415 hae
1163 1358 1192 1414 in
1208 1357 1352 1430 principio
1364 1360 1435 1414 suut
1449 1360 1555 1424 creato,
1567 1355 1657 1412 simul
1667 1373 1738 1411 eum
1751 1355 1824 1429 ipsis

113 1467 195 1515 mors
201 1448 320 1508 Domini
329 1453 448 1524 propter
458 1447 738 1504 mortaleshumines
747 1464 820 1520 quos
832 1448 942 1504 invenit
994 1453 1040 1505 est
1054 1452 1161 1504 creata.
1175 1447 1233 1502 Nee
1248 1446 1304 1501 tuit
1318 1445 1396 1502 undo
1411 1445 1514 1501 tierent
1528 1461 1592 1516 que
1607 1443 1686 1499 Deus
1699 1442 1730 1498 in
1748 1442 1826 1516 prin·

112 1539 255 1614 indusias,
271 1537 418 1611 quomodo
442 1534 639 1607 intelligitur:
660 1536 713 1591 lloe
734 1543 775 1591 est
791 1535 940 1608 judicium,
995 1537 1071 1610 cipio
1097 1536 1173 1603 tecit,
1203 1542 1231 1591 ct
1259 1538 1357 1591 tamen
1387 1534 1463 1590 tacta
1491 1536 1562 1589 suut
1589 1549 1654 1605 quus
1682 1532 1825 1605 Omnipo-

112 1628 244 1704 ponam
258 1627 308 1683 trra
322 1626 397 1684 verrit
409 1626 441 1682 ia
453 1623 634 1691 mentemst
647 1623 805 1680 dilexerant
819 1625 941 1682 tortines
995 1630 1061 1683 tons
1077 1625 1155 1692 tecit,
1172 1641 1235 1697 qua
1256 1624 1332 1680 taeta
1351 1620 1526 1694 composuit,
1542 1619 1684 1694 implevit,
1699 1619 1824 1677 ornavit

112 1715 440 1791 misanetrusqnom
457 1712 554 1768 ruam.
570 1712 741 1768 Eroatenim
763 1714 838 1769 rante
861 1730 942 1785 opere
997 1715 1027 1772 Si
1041 1715 1119 1771 enim
1142 1731 1206 1786 qua
1231 1713 1261 1768 in
1281 1711 1424 1785 principio
1440 1710 1508 1767 iecit
1535 1727 1570 1766 ex
1598 1708 1692 1766 nihilo
1722 1708 1827 1781 utique

111 1804 374 1874 eorumtouidost
396 1801 473 1859 hoc?
495 1802 624 1867 Quorum
646 1801 724 1856 enim
749 1807 833 1858 erant
856 1802 945 1859 mala·
997 1803 1075 1871 lecit,
1092 1803 1181 1859 etiam
1210 1819 1245 1858 ex
1271 1801 1316 1857 his
1341 1817 1405 1872 qua
1433 1800 1500 1856 tecit
1528 1798 1672 1871 quidquid
1701 1796 1828 1855 voluerit

113 1889 461 1969 oporntNonnevenisti
477 1893 510 1944 ut
526 1888 677 1960 justifices
698 1889 902 1961 impiostSed
916 1891 946 1946 di
998 1894 1092 1949 tacere
1121 1896 1224 1965 potens
1260 1896 1318 1957 est,
1354 1889 1425 1962 quia
1457 1889 1644 1961 omnipotens
1679 1891 1737 1945 est.
1771 1887 1828 1945 Nec

112 1983 249 2049 merant,
266 1979 374 2052 iuquit,
386 1979 477 2049 mepta
492 1976 611 2033 tecetrne
628 1994 711 2049 poure
725 1978 822 2033 tmere.
836 1979 876 2033 lbi
893 1997 942 2050 po·
998 1981 1062 2038 ideo
1078 1983 1199 2037 credant
1215 1979 1307 2051 iniqui
1322 1979 1414 2035 Deum
1431 1995 1489 2034 non
1504 1995 1568 2034 csse
1582 1975 1826 2049 omnipotentem,

112 2069 175 2129 suit
189 2065 354 2127 vimlltulti
375 2065 454 2122 euim
469 2063 635 2122 dilexerunt
654 2071 773 2137 peccatu
790 2084 853 2122 sua.
871 2068 944 2133 Quin
998 2071 1068 2144 spuis
1083 2070 1177 2125 multa
1200 2075 1302 2125 eontra
1327 2069 1391 2140 ejus
1414 2067 1525 2124 iaciunt
1549 2065 1741 2133 retractateur,
1759 2065 1829 2138 quia

113 2157 166 2233 qui
182 2157 339 2214 confltetur
354 2158 474 2227 peccato
488 2171 552 2222 saa,
569 2158 598 2210 ct
612 2159 731 2210 accusat
747 2159 865 2226 peccata
879 2173 942 2224 ssia,
998 2164 1027 2216 et
1041 2176 1108 2215 caui
1127 2158 1239 2214 faciunt
1254 2157 1329 2229 quod
1353 2174 1411 2212 non
1424 2156 1496 2228 vult,
1514 2156 1568 2212 hoe
1583 2154 1626 2211 eis
1646 2153 1734 2211 saciet
1748 2155 1827 2227 quod

108 2259 173 2335 1⁸.OE
188 2262 256 2304 cum
271 2245 329 2303 Deo
344 2242 423 2302 socii.
435 2245 561 2300 Accusat
574 2242 652 2299 Deus
668 2247 785 2315 peccata
801 2246 863 2312 tua,
876 2243 900 2300 si
916 2249 944 2301 et
998 2248 1061 2321 ipse
1075 2248 1147 2304 vult.
1165 2247 1250 2302 Nullo
1266 2246 1352 2303 modo
1371 2244 1462 2318 igitur
1476 2243 1687 2316 omnipotentis
1700 2243 1746 2298 vel
1762 2259 1828 2298 mu·

113 2331 498 2406 tnoeousas,eonjungeris
518 2331 768 2398 Deoouasidna
790 2350 836 2389 res
862 2337 941 2399 sunt,
998 2341 1062 2393 taut
1081 2336 1123 2392 rel
1154 2341 1295 2408 superant
1322 2335 1501 2391 voluntatem
1519 2349 1526 2390 :
1544 2331 1604 2389 siue
1632 2331 1721 2388 homo
1747 2332 1829 2403 juste

115 2423 204 2485 homo
218 2427 248 2480 et
269 2426 423 2496 peccator:
439 2421 517 2492 quod
538 2419 623 2476 audis
643 2419 741 2486 humo,
755 2421 832 2477 Dens
851 2421 941 2476 lecit:
999 2426 1164 2493 damnetur,
1190 2425 1249 2480 siro
1273 2422 1500 2479 misericorditer
1523 2420 1673 2491 liberetur,
1690 2419 1830 2477 voluntas

70 2558 78 2569 .
117 2513 196 2587 quod
207 2510 292 2568 audis
306 2513 451 2583 peccator,
464 2509 526 2581 ipse
541 2509 628 2565 homo
644 2507 800 2564 tecitllele
811 2510 887 2580 quod
905 2512 943 2564 te·
1000 2513 1214 2586 Omnipotentis
1239 2512 1387 2584 impletur.
1399 2512 1480 2576 Quod
1505 2525 1572 2583 ergo
1597 2526 1656 2566 non
1680 2508 1745 2566 vult
1759 2509 1830 2566 Om-

114 2600 237 2679 eisti,ut
252 2601 330 2658 Deus
344 2598 435 2656 salvet
445 2598 522 2670 quod
540 2598 617 2653 tecit.
626 2598 746 2669 Oportet
758 2603 790 2653 ut
805 2598 899 2654 oderis
915 2599 943 2653 in
1000 2603 1136 2676 nipotons
1152 2601 1205 2658 hoe
1221 2601 1317 2657 solum
1338 2617 1395 2656 uon
1412 2603 1517 2673 potest.
1535 2599 1632 2655 Utitur
1647 2614 1715 2672 ergo
1728 2597 1829 2667 malis,

117 2696 151 2753 te
162 2706 238 2764 opus
252 2693 347 2756 tuum,
359 2692 389 2745 et
402 2702 483 2743 ames
498 2685 528 2742 in
550 2692 578 2743 to
597 2702 671 2758 opus
686 2685 747 2741 Dei.
759 2690 831 2741 Cum
847 2691 944 2743 auteur
1000 2708 1059 2749 nun
1070 2691 1232 2747 secundum
1244 2706 1345 2746 eorum
1357 2705 1486 2761 pravam,
1500 2689 1550 2745 sed
1561 2687 1725 2744 secuudum
1742 2704 1829 2744 suam

119 2777 240 2852 coperit
253 2775 306 2835 tibi
320 2773 475 2848 displicere
489 2773 568 2846 quod
594 2773 700 2841 fecisti,
718 2773 787 2830 iude
804 2775 946 2847 incipiunt
1001 2785 1110 2837 rectam
1130 2780 1320 2836 voluntatem.
1336 2779 1410 2834 Nam
1438 2777 1515 2834 sicut
1541 2775 1610 2832 mali
1640 2779 1748 2833 natura
1775 2791 1831 2833 sua

119 2869 199 2930 bone
208 2882 296 2940 opera
304 2863 438 2936 tua,quia
447 2878 569 2919 accusas
578 2860 750 2934 malaopera
761 2863 944 2920 tualnitium
1000 2869 1154 2937 bonanae
1168 2873 1213 2923 est
1227 2869 1302 2923 bono
1329 2868 1394 2938 ejus
1418 2882 1515 2939 opere,
1531 2864 1608 2921 male
1623 2870 1770 2921 utuntur:
1786 2864 1831 2921 sie

116 2957 265 3017 bonorum
280 2969 400 3028 operum
415 2951 560 3009 consessio
576 2955 620 3007 est
639 2968 761 3023 operum
788 2952 944 3010 malorum.
1001 2958 1063 3030 ipso
1078 2958 1273 3013 honusetiam
1294 2972 1396 3011 eorum
1416 2953 1502 3010 malis
1522 2953 1662 3026 operibus
1677 2954 1753 3010 bene
1769 2953 1831 3010 uti·

115 3046 203 3119 Facie
218 3043 382 3110 veritatem,
398 3038 615 3099 reserveris
630 3040 666 3094 ad
688 3038 794 3096 lucem.
811 3042 885 3107 Quid
901 3046 946 3111 est
1001 3050 1050 3100 tur
1065 3061 1101 3099 ne
1115 3043 1330 3116 Omnipotentis
1344 3041 1479 3097 voluntas
1495 3040 1594 3114 aliqua
1612 3058 1647 3097 ex
1666 3046 1750 3114 parte
1766 3041 1830 3096 vin·

60 3202 64 3215 ¹
115 3134 191 3203 tucis
204 3128 377 3191 sonutam?
392 3128 454 3186 Non
470 3133 498 3185 to
512 3127 625 3200 pulpas,
640 3144 699 3183 nou
720 3126 773 3183 tibi
789 3116 981 3197 blandiriaf
1001 3137 1093 3190 catur.
1111 3133 1187 3190 158
1204 3131 1234 3188 Si
1249 3132 1327 3188 euim
1348 3147 1407 3187 non
1431 3130 1553 3186 haberet
1577 3129 1656 3201 quod
1680 3129 1779 3186 bonus
1794 3130 1832 3186 de

114 3240 179 3295 nou
192 3227 222 3280 to
236 3218 350 3286 adulas,
367 3233 425 3276 nou
447 3216 522 3273 dicis
536 3216 640 3273 iustus
654 3232 732 3286 sum,
744 3232 811 3271 cum
831 3218 871 3273 sis
888 3218 942 3274 ini·
998 3223 1084 3278 molis
1107 3223 1191 3295 juste
1205 3238 1238 3277 ue
1258 3220 1464 3286 benefaceret,
1481 3217 1561 3274 nullo
1588 3218 1675 3275 modo
1702 3234 1756 3274 eos
1784 3217 1829 3275 vel

114 3327 205 3385 gnus,
221 3313 252 3367 et
270 3306 376 3380 incipis
398 3307 493 3363 lacero
509 3303 672 3361 veritatem.
685 3302 773 3360 Venis
793 3309 890 3361 autom
906 3309 942 3363 ad
998 3311 1079 3368 nasci
1093 3311 1137 3366 vel
1153 3310 1246 3365 uivere
1261 3310 1380 3364 sineret.
1390 3311 1468 3374 Quos
1485 3306 1580 3362 malos
1594 3305 1657 3378 ipse
1672 3321 1731 3361 non
1750 3306 1830 3374 lecit,

115 3397 224 3468 lucem,
233 3401 267 3457 ut
277 3394 504 3453 manifestentur
514 3407 602 3465 opera
612 3396 672 3461 tua,
680 3391 749 3464 quia
759 3390 789 3447 in
800 3392 857 3448 Deo
868 3394 944 3450 laeta
997 3398 1068 3470 quia
1081 3396 1216 3453 homines
1238 3397 1305 3452 tecit
1321 3413 1328 3450 :
1346 3395 1414 3466 quia
1440 3411 1498 3450 non
1523 3397 1652 3465 peecata,
1669 3410 1734 3465 quse
1757 3397 1831 3450 sunt

116 3489 189 3547 eunt
199 3501 206 3543 ε
217 3484 289 3559 quia
303 3487 332 3542 et
345 3483 400 3540 hoe
415 3483 514 3555 ipsum
529 3479 607 3552 quod
620 3477 673 3535 tibi
685 3477 836 3550 displicuit
846 3497 944 3551 pecca·
997 3492 1097 3542 contra
1113 3490 1260 3552 naturam,
1278 3485 1327 3540 sed
1348 3487 1468 3538 naturas
1491 3483 1572 3554 ipsas
1596 3481 1715 3537 creavit.
1733 3482 1830 3540 Malos

116 3578 183 3641 nm
198 3577 295 3645 tuum,
314 3589 373 3630 non
397 3569 449 3628 tibi
466 3566 643 3642 displiceret,
656 3565 713 3623 niti
738 3566 816 3623 Deus
832 3567 883 3623 libi
898 3569 942 3624 lu·
997 3578 1094 3631 tannen
1106 3591 1155 3631 eos
1165 3575 1279 3629 tuturos
1290 3572 1430 3644 prescius
1440 3572 1575 3645 ignorare
1586 3587 1643 3625 nun
1654 3570 1762 3643 putuit.
1770 3571 1828 3628 Sed

117 3668 206 3737 rotet,
217 3668 248 3723 et
258 3663 325 3736 ejus
339 3660 447 3719 veritas
461 3656 514 3715 tibi
529 3655 741 3714 ostenderetur.
756 3678 769 3704 ι)
998 3663 1074 3718 sieut
1088 3667 1278 3733 novaretque
1292 3660 1347 3732 ipsi
1359 3665 1457 3727 essent
1468 3658 1546 3716 nrala
1556 3658 1673 3723 tacturi,
1682 3657 1727 3714 sio
1737 3658 1829 3716 etiam

151 3755 190 3817 at
202 3751 229 3812 si
243 3751 311 3825 quis
323 3751 359 3807 de
377 3742 641 3805 Praetlestinatianis
660 3743 722 3799 haee
741 3742 853 3815 legerit,
870 3746 943 3803 sorte
997 3755 1116 3807 noverat
1131 3767 1194 3822 quae
1211 3749 1287 3804 bona
1303 3749 1338 3805 de
1353 3747 1410 3803 illis
1436 3753 1513 3803 esset
1537 3748 1696 3804 tacturus.»
1708 3748 1746 3804 ut
1761 3752 1830 3820 post

117 3840 175 3901 suh
188 3856 243 3901 auo
259 3854 347 3897 sensu
363 3834 440 3892 dicct
460 3833 537 3904 quod
558 3831 695 3887 dixerunt
711 3831 831 3903 quidam
847 3834 876 3889 in
893 3835 942 3891 illo
997 3837 1150 3913 paululum
1164 3855 1170 3893 :
1183 3860 1197 3888 u
1210 3839 1266 3893 Sed
1277 3837 1416 3909 quoniam
1429 3836 1488 3892 dini
1502 3837 1557 3892 hoc
1572 3835 1669 3891 solum
1685 3835 1829 3908 Omnipo-

116 3924 323 4000 temporanei
337 3920 452 3995 aporuit
461 3919 562 3977 oculos
572 3919 639 3975 caci
656 3919 726 3986 uati,
739 3922 872 3994 nunquid
884 3942 942 3982 nou
996 3931 1106 3984 tentem
1116 3942 1174 3981 non
1186 3941 1270 3996 posse
1283 3924 1361 3995 quod
1376 3941 1433 3978 non
1444 3923 1515 3990 vult,
1525 3940 1560 3979 ue
1571 3921 1637 3995 quis
1653 3939 1700 3979 mo
1716 3926 1830 3980 tommo

116 4018 230 4091 putem
244 4013 340 4072 lacere
354 4015 389 4067 ut
403 4008 458 4065 iste
473 4023 531 4064 nou
548 4009 732 4064 moraretur?
746 4015 775 4065 et
790 4011 943 4071 Pradasti·
997 4015 1104 4071 dixisse
1115 4013 1274 4069 arbitretur
1284 4011 1396 4084 aliquid
1407 4011 1642 4083 Omnipotentem
1655 4028 1713 4067 non
1726 4028 1827 4083 posse,

116 4103 257 4167 uticum
268 4118 275 4159 :
288 4100 372 4159 Siout
384 4097 433 4155 isti
447 4095 542 4153 illuxit
556 4096 644 4165 Deus,
657 4114 744 4169 quem
757 4100 869 4158 salvum
880 4104 941 4159 lieri
996 4105 1051 4161 hoc
1066 4109 1094 4160 et
1108 4105 1211 4159 heatus
1226 4100 1384 4175 Apostolus
1399 4100 1472 4157 dixit
1484 4117 1490 4156 :
1502 4100 1533 4157 Si
1546 4099 1830 4169 concremarentur

115 4191 217 4262 noluit,
234 4191 277 4251 eie
289 4194 320 4246 et
334 4187 384 4246 isti
408 4185 555 4244 illuxisset
572 4191 605 4242 ut
628 4186 800 4257 salvaretur,
817 4192 841 4247 si
858 4192 941 4249 illum
995 4194 1084 4266 firtetis
1096 4200 1247 4265 perennare,
1262 4191 1488 4262 nepnreseipsum
1503 4205 1559 4246 noa
1570 4196 1665 4260 potest.
1677 4188 1828 4247 Noneuim

116 4280 231 4345 salvum
246 4278 309 4339 tisri
323 4276 476 4336 voluisset.
486 4274 676 4348 Omnipotens
695 4283 740 4333 ost
759 4279 837 4335 onim
853 4281 940 4351 Deus,
996 4286 1092 4356 potest
1103 4280 1220 4353 justitia
1233 4280 1306 4336 velle
1327 4280 1421 4336 tacere
1441 4280 1518 4351 quod
1539 4279 1684 4350 injustum
1700 4281 1756 4346 est,
1774 4283 1830 4335 aut

115 4375 151 4441 et
164 4375 194 4430 ot
207 4369 238 4431 in
254 4367 387 4443 symbolo
403 4365 549 4424 catholica
568 4366 723 4423 confltetur
741 4367 879 4437 Ecclesia,
891 4372 941 4443 qui
995 4370 1139 4443 sapientia
1153 4368 1225 4424 velte
1241 4369 1317 4440 {pared
1335 4367 1459 4423 stultum
1484 4371 1539 4433 est,
1552 4371 1603 4422 aut
1626 4366 1736 4423 veritas
1752 4366 1827 4424 velle

114 4458 215 4527 omniu
228 4473 413 4531 quacunque
422 4454 513 4512 voluit
528 4455 607 4513 iecit.
620 4455 804 4527 Respondeat
816 4458 939 4533 llvango·
955 4461 1074 4551 'quod
1089 4459 1196 4515 tulsum
1219 4461 1274 4513 est.
1292 4456 1372 4512 Unde
1388 4457 1582 4513 admonemur
1605 4456 1699 4512 Deum
1723 4455 1826 4512 omui·

114 4547 183 4607 nnn
196 4547 312 4613 Marem
327 4562 334 4601 :
351 4546 384 4602 Εἰ
396 4561 453 4602 non
470 4552 575 4618 poterat
593 4545 633 4601 ibi
652 4547 780 4602 virtutem
795 4547 882 4604 altena
895 4550 939 4620 fa·
995 4553 1141 4622 putentem
1158 4563 1215 4602 non
1225 4546 1280 4602 hoo
1292 4545 1387 4601 solum
1398 4545 1477 4617 quod
1493 4545 1534 4601 ait
1543 4542 1710 4617 Apostolus,
1722 4561 1829 4616 aegere

112 4651 185 4707 cere,
201 4635 260 4701 niti
271 4649 373 4707 pancos
388 4635 511 4705 infimior
533 4635 667 4705 impositis
681 4636 810 4691 renuitas
825 4640 940 4694 saraed.
994 4639 1114 4710 scipsum
1123 4653 1177 4692 narr
1190 4643 1282 4707 potest,
1294 4635 1344 4691 sed
1355 4633 1450 4689 multa
1464 4651 1522 4690 nun
1538 4649 1634 4706 posse.
1645 4632 1719 4688 Ecce
1730 4636 1761 4688 et
1770 4649 1826 4704 ego

112 4724 146 4782 Et
172 4723 327 4783 mirabatur
343 4728 454 4795 propter
474 4721 697 4778 incredulitatem
720 4725 833 4780 illoram
847 4725 939 4793 (ltere.
994 4726 1069 4794 dieo,
1082 4730 1111 4782 et
1124 4726 1188 4795 ejus
1203 4723 1324 4779 veritate
1335 4723 1430 4779 dicere
1444 4725 1537 4780 audeo
1551 4721 1629 4794 quod
1645 4737 1754 4793 negare
1764 4738 1825 4777 nou

112 4830 153 4886 vr,
166 4813 205 4885 5).
226 4811 299 4869 ilino
329 4810 407 4866 Beda
433 4811 504 4882 (cop.
531 4810 557 4880 l)
587 4809 617 4865 in
647 4811 801 4883 Evangelio
831 4814 938 4874 Lucae:
994 4808 1827 4884 audeuDeusomnipotensnoupotestmorimonpotest

112 4924 128 4959 ιι
143 4902 269 4961 mahat
283 4899 382 4972 itaque
402 4896 489 4964 cives,
502 4898 553 4953 sed
570 4897 627 4970 ipsi
643 4913 674 4952 so
690 4897 831 4955 charitate
846 4903 940 4972 patria
993 4903 1112 4968 mutari,
1125 4919 1182 4957 non
1197 4906 1292 4972 potest
1304 4898 1375 4971 salli,
1387 4916 1444 4955 nou
1461 4903 1556 4972 potest
1570 4897 1661 4954 miser
1673 4896 1749 4965 fieri,
1762 4915 1824 4956 non
1846 4896 1852 4909 ⁴

112 5006 166 5055 suo
181 4986 269 5047 livore
284 4987 468 5060 privabant.»
481 4986 516 5041 Et
530 4985 674 5041 Dominus
690 4985 796 5042 dicenti
813 4989 868 5043 sitsi
885 5006 891 5044 :
908 4991 939 5046 Si
993 4997 1088 5064 potest
1103 4989 1189 5046 vinei.
1206 4989 1270 5044 llaec
1286 4993 1373 5060 atque
1388 4987 1558 5059 hujusmodi
1576 4985 1652 5042 absit
1673 4989 1706 5041 ut
1726 4986 1825 5056 possit

110 5077 178 5153 quid
189 5085 274 5153 pote,
285 5075 385 5150 adjuva
398 5090 447 5130 nos
468 5075 598 5129 misertus
616 5076 706 5130 nostri
723 5075 814 5140 (aare.
827 5093 865 5143 rx,
880 5080 936 5163 22),
993 5080 1193 5151 Omnipotens.
1204 5080 1243 5133 Ac
1258 5094 1310 5149 por
1324 5078 1378 5133 hoo
1389 5094 1447 5133 non
1459 5075 1555 5132 solum
1566 5074 1695 5132 ostendit
1704 5072 1824 5133 Veritas

110 5166 261 5241 respondit
271 5182 278 5222 t
290 5165 402 5238 Sipotes
412 5162 529 5229 eredere,
541 5163 634 5217 annia
647 5163 791 5233 possibilia
805 5164 935 5222 credisti.
992 5168 1221 5239 omnipotentem
1237 5182 1300 5220 esse
1316 5182 1389 5236 qnos
1404 5164 1461 5220 ista
1475 5181 1532 5219 uun
1548 5163 1652 5235 possit,
1664 5161 1714 5217 sed
1728 5161 1821 5218 etiam

108 5254 144 5313 ut
158 5261 279 5315 sauctus
294 5252 450 5327 Gregorius
472 5250 593 5306 homilia
607 5252 640 5305 31
660 5267 688 5304 :e
707 5251 786 5306 llanc
802 5253 937 5311 videlieet
991 5257 1069 5330 cogit
1084 5255 1197 5311 Veritas
1212 5254 1444 5324 omnipotentem
1460 5270 1518 5308 non
1534 5268 1598 5307 osse
1611 5249 1662 5322 qui
1676 5249 1738 5304 hac
1754 5266 1823 5321 pos-

108 5340 290 5403 inourvatam
306 5338 935 5401 mulieremcumvidissetdesusvoeavitad
990 5346 1038 5401 sit.
1053 5344 1160 5400 Volens
1180 5344 1224 5396 est
1247 5341 1325 5396 enim
1350 5341 1428 5397 Deus
1443 5341 1586 5413 quidquid
1612 5344 1666 5394 est.
1684 5342 1821 5395 AEternus

108 5444 150 5501 we
166 5451 180 5481 a
192 5436 222 5491 ot
236 5432 359 5505 reliqua.
372 5455 385 5482 (ι
401 5429 501 5496 Vocat,
520 5427 614 5500 inquit
630 5430 749 5483 sanetus
766 5428 932 5500 Gregorius,
988 5450 1068 5504 ergo,
1079 5438 1108 5488 et
1122 5429 1383 5498 incommutabilis,
1401 5435 1430 5485 et
1443 5447 1539 5498 veras,
1557 5435 1586 5485 et
1601 5429 1715 5492 beatus,
1726 5431 1757 5483 et
1772 5428 1820 5483 in-

109 5518 158 5575 sod
175 5536 232 5575 nou
248 5520 333 5593 erigit
345 5536 351 5576 :
363 5517 599 5593 quandoquidem
616 5532 667 5588 por
681 5515 745 5585 ejus
761 5516 885 5586 gratiam
902 5518 934 5573 il·
990 5518 1165 5592 superabilis
1175 5517 1274 5572 volens
1286 5523 1340 5572 est.
1353 5518 1382 5573 Si
1394 5535 1462 5590 ergo
1472 5522 1568 5592 potest
1583 5534 1647 5572 esso
1663 5515 1742 5586 quod
1758 5532 1818 5570 non
