3824 6096
110 254 166 313 ert
504 247 696 309 lllNGMARl
718 248 839 309 afluat.
863 245 1044 308 suculae.
1067 248 1273 313 OPUSCULA
1295 252 1426 314 letld.
1757 252 1820 315 iffi

112 378 323 448 dimentis,alia
336 378 498 434 terroribus
506 378 801 451 auferret,postquam
814 377 938 451 acquiri·
951 379 978 444 Α
993 377 1169 436 habuerunt.
1186 381 1221 436 at
1235 380 1303 438 talis
1318 386 1364 438 est
1379 382 1492 439 fructus
1506 382 1684 452 avannaci
1693 382 1764 440 talis
1777 395 1821 441 ss·

111 472 149 526 tis
161 470 249 525 rebus
257 466 388 541 pervenit
399 467 434 521 ad
446 466 913 532 desiderium,aliusbuncdolorl
931 496 938 507 ·
993 465 1094 538 quitur
1110 469 1353 525 remunerationis
1367 472 1497 527 allectae.
1513 473 1582 538 Qua
1598 472 1731 544 protecto
1750 488 1816 529 ars·

112 560 196 632 ligat,
214 562 245 613 ut
260 574 327 613 eum
344 555 470 612 sollicito
485 555 590 610 timore
612 555 760 610 custodiat
774 557 852 627 quod
868 571 936 610 eum
993 553 1058 610 ritia
1083 557 1156 611 benc
1180 559 1385 631 compescitur,
1401 560 1426 616 ai
1452 560 1513 633 ipse
1538 564 1633 617 status
1655 560 1815 617 ambientis

110 647 188 720 gravi
200 647 299 702 labore
312 643 641 716 meminitacquisitum.
657 644 803 699 llineinde
815 643 936 699 insidia·
991 642 1114 699 sollicite
1130 643 1341 703 consideratur.
1358 648 1431 704 Nam
1447 665 1500 704 cur
1513 648 1604 704 instet
1617 649 1653 705 ad
1677 648 1813 722 colliges-

109 731 936 806 toresmetuitatqnehocseperpctiqnodipseleeitaliis
990 731 1072 799 dum,
1090 734 1205 804 quando
1231 739 1307 791 sture
1331 752 1388 791 non
1414 740 1510 809 potest
1533 737 1595 809 ipse
1614 736 1665 810 qui
1681 737 1812 812 colligit?

110 825 299 899 pertimescit.
310 822 659 896 l'ormidatpotentiorom
671 822 805 889 alteram,
816 840 851 877 ne
867 836 934 877 eum
989 817 1115 875 Cursum
1129 838 1198 893 crgo
1213 840 1300 879 suum
1315 824 1441 897 quisque
1456 825 1631 894 consideret,
1647 830 1678 880 et
1692 834 1810 899 cogno&

108 911 607 985 sustineatviolentum:pauperem
622 928 688 967 vero
703 909 955 982 cunrmnspicit„
989 912 1037 962 cat
1050 908 1106 964 sibi
1122 911 1256 966 sulticerc
1279 925 1369 984 parua
1391 930 1456 986 qua
1479 912 1589 971 habet:
1612 914 1666 970 sed
1689 913 1810 971 tortu

108 1001 278 1074 suspicatur
292 1002 396 1055 turem.
408 1000 474 1071 lpse
487 1015 604 1071 queque
619 1016 683 1071 que
699 1003 838 1071 congesta
852 1003 932 1066 sunt,
988 996 1094 1052 metuit
1116 1014 1152 1053 ne
1175 998 1205 1053 in
1229 997 1319 1069 hujus
1342 999 1406 1056 rite
1432 1000 1535 1056 itinere
1557 1003 1700 1073 sumptus
1714 999 1807 1059 desit:

108 1094 192 1146 curat
206 1105 383 1162 magnopere
398 1104 434 1143 no
448 1104 483 1142 ex
498 1091 609 1142 natura
621 1087 743 1160 proprie
758 1087 870 1143 delectu
883 1104 935 1159 per
988 1080 1075 1155 lunga
1089 1090 1189 1141 nostra
1205 1087 1349 1143 desideria
1373 1087 1503 1160 increpat
1526 1087 1572 1144 na
1593 1086 1702 1157 brevis,
1718 1088 1808 1145 incas·

109 1179 315 1252 negligentiam
330 1183 551 1233 consumantur.
562 1181 593 1231 ln
608 1175 653 1231 his
668 1177 767 1247 itaque
782 1177 931 1244 omnibus,
987 1187 1053 1226 sum
1069 1173 1163 1229 multa
1177 1180 1340 1246 portantur,
1355 1192 1422 1232 eum
1433 1177 1518 1248 juxta
1530 1181 1575 1233 est
1588 1193 1647 1248 quo
1670 1177 1805 1251 pergitur.

107 1267 178 1341 quia
199 1267 287 1323 timor
309 1266 372 1337 ipse
398 1282 483 1337 piena
507 1269 561 1333 est,
588 1268 670 1320 tanta
693 1262 793 1320 inlclir
823 1266 933 1337 patitur
1021 1260 1104 1317 Alius
1120 1280 1151 1318 sc
1166 1264 1311 1335 tyrannidi
1326 1265 1645 1337 superbiaesubjicitat
1659 1282 1711 1322 cor
1725 1266 1806 1324 mus

106 1362 218 1429 quanta
229 1356 290 1429 pati
307 1355 400 1411 timet.
419 1355 486 1410 Post
502 1354 556 1410 hoe
569 1371 684 1427 quoquc
709 1355 744 1410 ad
767 1355 931 1427 geliennam
986 1366 1063 1416 rum,
1080 1351 1150 1406 dum
1166 1357 1268 1408 contra
1283 1353 1418 1409 homines
1432 1354 1529 1426 erigit,
1544 1353 1614 1410 vitio
1638 1355 1804 1413 substernit

106 1443 233 1510 ducitur,
250 1442 365 1498 eternis
380 1442 561 1497 eruciatibus
576 1443 769 1514 mancipatur.
788 1443 861 1499 Mira
880 1462 931 1499 au·
986 1438 1135 1499 Hunorum
1151 1441 1326 1497 sublimium
1339 1441 1449 1499 inlutus
1464 1442 1586 1515 appetit,
1601 1438 1727 1499 exaltari
1744 1460 1805 1501 auc·

105 1540 163 1589 tcm
180 1538 225 1589 est
239 1532 382 1588 securitas
396 1532 493 1586 cerdis
506 1530 601 1586 aliena
617 1549 673 1587 non
689 1550 932 1605 quaereremque
985 1528 1118 1585 cassibus
1133 1531 1425 1603 exquirit,totumquo
1438 1530 1804 1603 quodassedesideratsibi

104 1621 238 1677 viilelicet
253 1619 503 1676 securitateetiam
516 1620 651 1690 perennis
662 1622 777 1692 requies
789 1621 929 1688 nascitur,
985 1618 1063 1688 apud
1079 1619 1271 1690 semetipsum
1286 1619 1315 1674 in
1341 1618 1568 1692 cogitationibus
1583 1619 1731 1694 depingit.
1744 1620 1804 1679 lan

104 1709 174 1782 quia
188 1708 265 1764 bena
279 1712 306 1762 et
317 1706 475 1778 tranquilla
486 1706 701 1778 cogitationead
711 1708 968 1806 gaudiusternaB
984 1705 1069 1777 quasi
1085 1706 1213 1762 tribunal
1230 1708 1370 1780 possidet,
1382 1709 1446 1779 jam
1460 1708 1517 1763 sibi
1542 1724 1645 1780 parcre
1669 1707 1803 1782 obsequis

104 1797 246 1853 transitur
267 1797 336 1869 (cup.
355 1797 412 1865 26).
438 1796 493 1851 Sed
519 1796 570 1867 qui
595 1796 624 1849 in
649 1801 791 1868 potestate
815 1797 928 1869 positus
983 1794 1181 1866 subjectorum
1196 1796 1284 1863 videt,
1296 1797 1361 1868 J‘am
1381 1796 1494 1852 crateris
1517 1796 1721 1869 sarmatiam
1744 1796 1803 1855 allis

104 1885 169 1942 aliis
185 1886 434 1957 nocetsolpcrans
448 1884 644 1956 dicitur,quia
658 1886 735 1940 ande
752 1885 813 1957 ipse
827 1891 929 1941 contra
983 1882 1060 1939 mala
1077 1885 1197 1958 irrogat,
1213 1885 1279 1942 aliis
1293 1886 1363 1959 quia
1378 1885 1570 1958 irrogaverint
1593 1890 1800 1959 recompensat

103 1977 195 2031 bonos
210 1974 294 2047 qnasi
310 1992 345 2029 ex
360 1974 424 2028 lnce
436 1972 773 2046 gloriaecxtollitur,inde
784 1974 927 2030 bonorum
981 1971 1047 2027 lam
1064 1973 1142 2045 apud
1153 1974 1343 2047 semetipsum
1354 1973 1482 2046 stipatus
1497 1974 1648 2031 cuneisad
1658 1974 1800 2047 publicam

102 2064 149 2119 via
163 2063 311 2118 cruciatur
325 2064 394 2133 (cup.
411 2063 467 2128 29).
484 2059 538 2127 Qui
554 2078 612 2133 qun
628 2060 738 2117 ultione
760 2062 799 2116 sit
823 2062 926 2117 terion·
982 2062 1122 2131 proccdit,
1134 2063 1196 2133 Jnm
1213 2062 1321 2134 <pinibus
1336 2062 1636 2134 obsequiislulciatur
1649 2064 1799 2138 conspicit,

104 2153 159 2207 das
172 2152 297 2206 dicitur:
314 2152 467 2212 decorabit,
489 2150 596 2222 inquit,
621 2167 684 2206 earn
709 2153 783 2219 ipnr'a
805 2154 853 2222 qai
872 2164 927 2207 raca
981 2149 1031 2221 qui
1048 2155 1145 2205 tannen
1163 2150 1223 2205 lrmc
1238 2150 1461 2223 cogitanssolus
1477 2152 1664 2223 repetit-lam
1677 2151 1800 2209 alianae·

101 2240 273 2297 succenditur
287 2240 344 2312 (lob
360 2257 406 2308 nx,
422 2240 468 2310 25)
486 2256 492 2292 :
509 2239 620 2310 quibus
635 2240 737 2311 paucis
760 2239 855 2295 verbis
875 2241 928 2296 mi·
981 2237 1087 2309 calcat,
1104 2239 1162 2294 alia
1176 2238 1318 2308 sublevat,
1331 2241 1395 2310 jam
1411 2240 1448 2295 de
1462 2240 1644 2296 conculcatis
1663 2240 1798 2297 satisfacit

102 2346 133 2385 ro
149 2329 232 2384 valde
248 2329 334 2385 modo
350 2344 505 2401 expressus
521 2331 566 2383 est
580 2327 659 2399 ignis
680 2328 829 2400 gehenna.
848 2330 926 2401 lgnis
980 2326 1066 2392 odiis,
1078 2329 1142 2397 jam
1157 2329 1193 2383 dc
1207 2326 1367 2384 sublevatis
1382 2328 1485 2400 recipit
1500 2328 1624 2385 favores.
1641 2328 1699 2395 Qui
1717 2329 1797 2403 igitur

102 2434 229 2489 nomque
245 2433 412 2488 corporeus,
429 2420 460 2471 nt
474 2432 539 2471 esse
559 2416 636 2488 ignis
659 2415 763 2481 valeat,
781 2418 926 2490 corporeis
981 2419 1023 2471 tot
1045 2414 1253 2487 phantasmata
1276 2417 1355 2473 cordi
1379 2417 1534 2489 imprimit,
1550 2417 1623 2489 quid
1644 2417 1703 2474 iste
1725 2418 1794 2477 sliat

102 2507 214 2581 indiget
231 2505 377 2561 lomentis.
394 2505 447 2572 Qui
463 2521 530 2561 cum
547 2521 665 2561 necesse
679 2510 724 2560 est
739 2510 771 2561 ut
785 2512 924 2578 servetur,
980 2520 1068 2576 quam
1085 2505 1233 2560 somnium
1249 2505 1373 2577 vigilans
1387 2504 1558 2571 videtiQuia
1570 2521 1642 2578 ergo
1656 2510 1793 2563 tetrerasn

101 2613 153 2669 per
166 2600 304 2667 congesta
318 2594 398 2667 ligna
413 2593 513 2666 procul
530 2593 620 2649 dubio
636 2593 774 2661 nutritur,
783 2612 835 2650 nec
851 2596 926 2652 valet
979 2608 1084 2648 causas
1100 2610 1173 2665 quas
1189 2593 1273 2666 lingit
1287 2593 1403 2660 tolerat,
1412 2593 1553 2649 nimirum
1568 2594 1793 2651 intrinsocns'na

102 2684 157 2740 nisi
174 2700 335 2740 succensus
349 2700 423 2749 esse,
439 2687 468 2738 et
487 2683 543 2738 arisi
570 2684 679 2737 rel'etus
702 2683 872 2740 sulrsistere.
889 2687 926 2741 At
980 2686 1025 2736 tas
1041 2697 1075 2735 ex
1090 2681 1243 2737 desideriis
1265 2682 1367 2737 turbas
1390 2686 1495 2753 portat.
1514 2681 1623 2752 (norat.
1640 2682 1693 2738 lib.
1710 2688 1789 2751 mir,

101 2778 203 2831 centra
217 2773 356 2845 gehenne
369 2772 456 2844 ignis,
473 2788 540 2827 cum
557 2770 596 2826 sit
610 2789 777 2844 corporeus,
793 2778 822 2828 et
838 2774 868 2828 in
894 2792 925 2831 se
979 2786 1004 2825 c.
1020 2770 1098 2838 23).«
1116 2769 1204 2836 Quasi
1219 2770 1297 2826 enim
1313 2775 1455 2844 tymnnus
1469 2770 1591 2843 quidam
1605 2770 1789 2829 obsessuri

102 2862 209 2918 missos
224 2863 362 2935 reprobos
378 2860 568 2933 corporaliter
581 2866 693 2929 exurat,
710 2878 762 2916 nec
776 2879 811 2917 cx
827 2863 924 2919 studio
977 2859 1096 2914 vitatem
1112 2858 1339 2931 intercipitcum
1355 2864 1482 2915 mentem
1498 2859 1638 2932 Superbia
1651 2859 1786 2933 immittit

101 2951 218 3024 proprio
234 2950 487 3016 succenditur‚nrc
504 2949 592 3022 lignis
604 2949 797 3014 nutritur·,sed
810 2956 924 3007 creatus
978 2952 1007 3003 st
1021 2965 1079 3020 quo
1095 2947 1229 3003 ditiorem
1240 2963 1386 3020 quemque
1400 2947 1561 3019 asperitas
1575 2947 1607 3003 in
1622 2948 1786 3007 donabaris·

101 3039 191 3096 semol
204 3041 290 3096 durat
305 3038 547 3112 inextinguibilis,
556 3043 586 3094 et
599 3039 788 3095 succensione
804 3058 860 3096 non
876 3041 923 3095 in·
980 3037 1039 3092 rior
1052 3035 1193 3108 exsurgit,
1208 3036 1279 3107 quia
1292 3053 1351 3108 que
1377 3035 1504 3108 amplius
1528 3053 1574 3093 rea
1596 3037 1717 3094 virtutis
1736 3037 1784 3094 siat

102 3129 223 3202 digestet
238 3129 340 3184 ardere
356 3145 413 3183 non
429 3133 520 3183 caret:
532 3128 602 3200 quia
616 3127 826 3199 omnipotentis
838 3108 962 3200 justi-C
980 3124 1145 3182 humilitate
1160 3125 1303 3198 agitares
1319 3124 1406 3181 latius
1419 3123 1784 3199 istadomiaatunQr'sisqais

101 3218 142 3273 tia
157 3218 324 3272 futurorum
340 3216 470 3288 praescia,
488 3216 524 3270 ab
542 3215 605 3287 ipsu
620 3217 721 3270 mundi
746 3216 858 3289 origine
874 3234 922 3291 ge·
976 3232 1043 3270 vcro
1054 3216 1118 3287 ejus
1128 3214 1158 3268 in
1170 3231 1201 3270 se
1210 3214 1394 3287 tyrannidem
1403 3212 1781 3288 captivamentesuscsperit,

100 3307 203 3360 henne
216 3305 314 3377 ignom
330 3303 501 3375 creavit,qui
515 3303 543 3357 in
561 3320 647 3375 piena
662 3304 923 3376 reproborumesse
977 3304 1032 3360 hoc
1047 3304 1175 3376 primum
1191 3303 1334 3358 damnum
1349 3304 1468 3375 patitur,
1484 3304 1562 3375 quod
1586 3302 1689 3360 clauso
1705 3301 1783 3360 curtlia

100 3393 190 3449 semel
207 3392 354 3464 inciperet,
372 3392 423 3448 sed
438 3392 570 3446 ardorem
588 3408 674 3446 snum
691 3391 779 3447 etiam
803 3395 865 3449 sine
885 3395 921 3449 li·
977 3392 1061 3449 oculo
1072 3393 1178 3464 judicii
1196 3390 1362 3464 equitatem
1373 3392 1556 3465 perditNarn
1564 3397 1675 3451 cuncta
1687 3390 1782 3466 quast

100 3481 166 3553 gnis
181 3496 333 3551 nunquam
359 3480 465 3535 liniret.
489 3479 646 3535 Sciendum
674 3497 740 3536 vero
763 3487 818 3548 est,
843 3484 921 3555 quod
977 3481 1043 3537 aliis
1058 3480 1101 3535 vel
1119 3476 1349 3553 benegerentur
1373 3478 1539 3551 displicent,
1553 3483 1581 3535 et
1605 3479 1670 3537 sola
1690 3480 1718 3538 ei
1732 3492 1782 3553 qas

99 3586 201 3625 omnes
215 3554 341 3641 reprobi,
357 3568 475 3641 quiaex
489 3568 588 3623 anima
603 3568 692 3624 simul
708 3574 737 3625 et
751 3587 838 3626 carne
853 3589 922 3644 pcc·
977 3567 1096 3642 ipsevel
1110 3585 1195 3640 prave
1210 3568 1302 3641 egerit
1319 3566 1443 3640 placent.
1460 3569 1582 3642 Semper
1605 3568 1783 3643 dancmar

99 3663 247 3724 caverunt,
257 3656 316 3712 illic
332 3657 475 3713 inanima
490 3657 598 3729 pariter
612 3662 640 3712 et
655 3675 741 3713 rame
756 3659 924 3717 cruciantur
977 3659 1230 3730 despicit,sempcr
1246 3657 1370 3712 miratur
1385 3657 1461 3729 quod
1478 3657 1547 3713 lacit
1562 3674 1569 3712 :
1586 3657 1658 3731 quia
1670 3664 1701 3714 et
1714 3654 1782 3731 quit·

99 3749 169 3818 (cup.
186 3747 241 3813 30).
258 3748 350 3811 Onam
367 3744 500 3800 videlicet
514 3761 630 3801 earnem
648 3763 714 3802 cunr
731 3748 759 3802 in
776 3766 922 3805 resurrcc·
977 3745 1048 3818 quid
1063 3745 1164 3818 egerit,
1180 3745 1276 3817 egisse
1291 3761 1322 3800 se
1336 3745 1524 3817 singulariter
1548 3745 1653 3813 eredit,
1668 3742 1781 3819 slqasit

98 3835 177 3890 tione
193 3834 342 3906 recipient,
359 3850 427 3889 cum
442 3851 476 3889 ea
490 3833 629 3906 gehenne
645 3834 763 3908 ignibus
779 3838 923 3894 ardebunt
976 3850 1010 3892 ee
1023 3834 1100 3907 quod
1115 3833 1232 3890 exhibet
1245 3850 1298 3906 per
1308 3833 1406 3906 glorias
1416 3830 1780 3909 cupiditatem-,sibim

99 3922 209 3977 traditi.
226 3922 261 3977 Et
277 3928 347 3977 tunc
363 3923 398 3978 ab
421 3939 456 3978 ea
475 3923 580 3978 abiluei
604 3928 752 3997 appetent,
768 3929 838 3981 trine
857 3927 921 3997 ejus
976 3925 1052 3979 favet
1065 3940 1117 3995 per
1131 3922 1348 3996 cogitationem,
1360 3927 1389 3978 ct
1402 3938 1470 3979 cum
1483 3923 1514 3981 in
1529 3939 1561 3979 se
1576 3924 1693 3981 cunctis
1706 3927 1780 3980 bs*

98 4014 245 4065 tormenta
259 4011 379 4067 evadere
396 4012 419 4067 si
436 4012 585 4083 potuerint
602 4016 743 4084 querant,
758 4017 828 4070 tunc
852 4013 922 4070 inci·
976 4012 1099 4069 cendcrc
1124 4016 1242 4068 ceteros
1264 4010 1401 4080 estimat,
1426 4027 1478 4084 per
1500 4010 1560 4069 lata
1588 4012 1781 4088 cogitationen

99 4098 180 4172 pient
193 4098 266 4155 velle
280 4100 372 4155 vitare
387 4101 651 4172 quod-amaverunt
667 4119 673 4158 :
691 4102 742 4158 sed
758 4102 827 4175 quia
842 4120 921 4159 eam·
962 4090 1070 4174 ¹spatia
1085 4117 1185 4158 secam
1200 4099 1403 4166 deambulans,
1416 4099 1519 4158 laudas
1534 4118 1606 4158 suas
1620 4100 1725 4159 tacitns
1736 4098 1780 4157 cb·

98 4188 165 4245 dem
181 4205 298 4244 carnem
314 4189 372 4245 Deo
386 4188 561 4245 contrariam
586 4194 757 4263 posuerunt,
769 4193 921 4262 judicante
976 4190 1267 4260 mat.N0nnunquam
1280 4205 1348 4245 vcro
1360 4189 1396 4244 ad
1413 4192 1526 4245 tantam
1541 4188 1699 4249 elationem
1712 4200 1780 4247 m

98 4277 167 4346 Deo,
183 4281 297 4351 agetur,
310 4281 344 4332 ut
357 4295 392 4332 ex
407 4293 441 4333 ea
455 4277 583 4349 amplius
598 4279 665 4351 igne
678 4281 853 4337 crucientur.
868 4282 921 4337 Hic
975 4278 1103 4350 ducitur,
1120 4282 1152 4333 ut
1165 4278 1195 4332 in
1210 4294 1243 4334 eo
1259 4278 1337 4349 quod
1354 4281 1449 4334 tumet
1462 4278 1552 4334 ctiam
1566 4295 1620 4351 per
1632 4275 1779 4337 estat&

97 4366 196 4438 itaque
210 4382 275 4421 sam
291 4364 419 4438 amplius
435 4365 599 4438 relinquere
615 4384 672 4422 non
688 4372 920 4439 appetentetta-
975 4384 1042 4424 nem
1058 4365 1214 4423 locutionis
1228 4366 1395 4423 effrenatur.
1412 4366 1467 4423 Sed
1489 4370 1571 4423 tanto
1594 4366 1690 4425 tacitis
1711 4364 1779 4425 rai·

98 4471 164 4509 men
179 4455 217 4510 ab
231 4470 266 4510 ea
280 4453 492 4511 abstrahuntur
507 4471 514 4509 ε
531 4453 591 4509 illic
606 4472 671 4510 eam
691 4453 854 4528 relinquere
868 4474 919 4529 ap·
937 4477 961 4543 Ι)
976 4456 1120 4530 sequitur,
1140 4459 1250 4527 quanto
1273 4455 1350 4527 apud
1375 4471 1407 4511 se
1431 4453 1558 4527 quisque
1580 4452 1777 4529 improbant·

99 4547 210 4613 petunt,
227 4546 256 4597 et
270 4546 367 4597 umen
383 4542 413 4597 in
427 4548 594 4616 eapropter
608 4542 753 4615 supplicia
768 4545 923 4601 servabun·
976 4543 1312 4601 exaltatur.llinccnim
1335 4541 1477 4616 scriptum
1502 4547 1570 4602 cst:
1595 4545 1665 4602 Ante
1686 4544 1777 4601 nia·
1831 4534 1834 4557 ¹

99 4634 157 4684 tur.
173 4630 216 4684 Ad
231 4635 424 4703 augmentum
440 4631 539 4703 itaque
553 4630 701 4700 tormenti,
713 4636 742 4688 et
756 4631 803 4689 hic
814 4633 922 4690 docor-
976 4634 1117 4689 recitatur
1129 4650 1176 4688 ror
1190 4634 1280 4704 (l’roe.
1296 4649 1334 4699 vr,
1350 4633 1405 4700 18).
1422 4633 1494 4689 llinc
1514 4648 1568 4705 per
1585 4626 1776 4691 aniane

99 4718 923 4793 perenolenteseducuntur,etillieincorporetenebuntur
977 4722 1203 4779 eiturzlnoutn
1223 4720 1369 4792 babylonis
1390 4719 1584 4778 deambulch
1602 4732 1777 4793 roxum·
1832 4772 1834 4805 2

99 4806 209 4874 inviti3»
226 4811 254 4861 et
269 4807 378 4878 quibus
393 4808 530 4863 inimicus
538 4809 671 4881 pedicam
688 4826 755 4865 enm
770 4810 923 4881 culpasub
976 4813 1068 4884 ilitqac
1081 4817 1107 4867 st
1121 4812 1161 4865 ait
1176 4829 1185 4865 :
1199 4810 1293 4866 Nonne
1306 4809 1366 4866 liare
1390 4817 1429 4866 est
1442 4810 1565 4883 Babylon
1587 4816 1703 4881 magara,
1714 4818 1778 4883 μ

97 4895 221 4951 terrenis
236 4896 410 4966 commodis,
424 4901 453 4952 et
467 4896 632 4969 decipulam
649 4915 716 4954 cum
732 4916 809 4967 esca,
827 4900 855 4954 id
879 4904 923 4956 est
976 4918 1024 4969 epo
1043 4899 1180 4971 certificari
1193 4901 1223 4955 in
1237 4898 1347 4954 marm
1360 4900 1448 4969 repat,
1464 4900 1493 4953 ic
1518 4900 1614 4956 rubore
1627 4893 1779 4972 satiust

97 4985 213 5040 lucrum
229 5001 297 5039 cum
313 4983 399 5056 culpa
414 4988 442 5040 et
452 4988 673 5058 prosperitatem
685 5004 752 5042 eum
768 4988 923 5059 iniquitate
976 5004 1054 5057 crure,
1073 4990 1101 5044 in
1127 4989 1215 5059 pierio
1239 4986 1342 5042 decem
1356 4989 1412 5042 eret
1420 4990 1433 5041 t
1447 4987 1528 5055 (Dan.
1544 5002 1583 5055 rr,
1597 4989 1646 5057 26,
1661 4989 1716 5061 27).
1736 4977 1779 5043 Sd

98 5072 272 5146 posuit,illic
288 5090 403 5146 poenam
420 5074 620 5131 retributionis
634 5077 761 5148 elingere
777 5094 834 5132 non
845 5081 923 5148 pote-
977 5078 1054 5133 bunc
1070 5082 1215 5132 tumorem
1230 5091 1320 5145 quam
1335 5073 1450 5130 concita
1472 5075 1603 5132 vindicta
1617 5070 1779 5150 reprensa

99 5168 167 5218 runt
180 5179 270 5235 qnam
287 5162 510 5219 ministrabit:et
525 5164 665 5237 elingium
681 5165 712 5219 in
728 5164 825 5221 dolore
840 5182 923 5222 cons·
976 5166 1054 5222 illico
1069 5165 1213 5238 adjungit,
1233 5163 1357 5219 dicens:
1374 5163 1493 5235 Cunrqw
1515 5150 1605 5220 mbae
1622 5180 1712 5223 serm
1729 5162 1782 5220 ud

98 5251 255 5324 tringente,
271 5253 306 5308 ad
332 5252 494 5308 orationem
517 5256 605 5325 atque
629 5253 804 5325 sapientiam
828 5255 922 5310 oculis
976 5258 1006 5310 in
1021 5272 1067 5312 ore
1082 5257 1163 5326 repis,
1173 5268 1227 5308 vor
1240 5252 1273 5307 de
1287 5252 1352 5309 cralo
1365 5253 1443 5308 ruit:
1458 5254 1518 5309 Tibi
1531 5250 1783 5323 dictarrdicbffl

98 5341 296 5412 aperientibus
319 5341 461 5413 sapientia
486 5341 607 5397 minimo
622 5342 760 5413 proderit,
778 5343 848 5414 qnia
862 5343 920 5416 hic,
975 5346 1090 5401 dmroaor
1108 5359 1159 5398 rer
1173 5361 1183 5396 :
1198 5343 1320 5414 chnfam
1334 5350 1412 5397 taam
1433 5343 1594 5399 transibitis
1608 5351 1646 5411 ts,
1659 5352 1687 5401 st
1701 5344 1736 5399 sb
1746 5342 1787 5397 ts·

98 5428 148 5482 ubi
163 5429 276 5501 operari
292 5430 456 5485 debuerunt
469 5435 498 5485 ct
512 5433 678 5501 potuerunt,
694 5431 833 5502 operandi
847 5435 920 5489 tem·
973 5434 1095 5489 mitridate
1110 5439 1134 5487 te
1148 5432 1266 5503 ejactat,
1282 5438 1308 5487 et
1321 5447 1383 5487 mim
1398 5430 1490 5487 bestiis
1503 5439 1530 5487 st
1541 5433 1612 5504 seris
1626 5431 1790 5491 erramus

99 5531 155 5589 pus
164 5517 392 5590 amiserunt,ubi
402 5535 420 5576 a
429 5518 577 5594 voluptate
586 5517 702 5576 clausos
712 5519 808 5578 cordis
821 5521 921 5582 oculos
975 5523 1014 5579 tic
1028 5530 1075 5578 tuo
1089 5538 1099 5577 :
1112 5521 1209 5595 [cnam
1223 5521 1302 5594 qenai
1317 5521 1361 5577 boa
1375 5519 1504 5592 conda,
1518 5527 1546 5580 ct
1557 5528 1662 5598 raptari
1678 5529 1795 5599 tenen
