3810 6098
560 408 612 471 uu
632 408 826 473 mittanis
847 407 976 485 Vl'l'llS,
999 408 1085 471 uic.
1615 411 1677 488 till

78 540 188 602 diemo
204 558 331 615 namque
345 540 375 598 in
386 539 520 601 libertate
529 541 653 617 propria
667 540 797 601 volunta·
809 539 838 610 A
852 541 928 612 (tor.
945 560 964 611 r,
979 543 1035 616 ts).
1056 543 1091 600 ut
1114 541 1178 615 ipsa
1202 541 1283 615 virgo
1308 541 1477 616 concipiens
1499 542 1572 602 dixit
1588 560 1595 602 :
1611 543 1678 603 Ecce

74 630 167 691 vitam
184 631 331 691 conditus.
347 636 451 704 sponte
473 649 528 688 sus
546 631 661 689 diabolo
676 649 797 689 consen·
851 634 956 690 ancillo
978 636 1099 706 Domini,
1113 635 1163 706 fiet
1190 632 1262 689 milri
1288 633 1437 689 secondom
1463 635 1574 699 emtum
1597 642 1677 707 terem

73 721 168 781 uetes
181 724 227 778 est
240 718 355 779 debitor
376 719 489 777 mortis.
506 718 634 776 Delendo
653 736 722 794 ergo
736 723 799 776 erat
852 723 1011 794 (ihid.,38).
1024 723 1058 780 ut
1068 724 1203 795 quamvis
1218 722 1282 795 ipse
1295 721 1374 778 aliud
1389 738 1425 777 ex
1440 721 1532 792 Patre,
1547 721 1627 786 aliud
1642 740 1678 781 ex

73 808 217 884 arpason
233 808 550 883 nisipersacriticium
566 808 655 866 deleri
671 826 797 881 nonpo-
851 811 982 885 Virgine,
997 813 1048 869 scd
1064 811 1127 885 ipse
1141 816 1186 868 est
1204 816 1330 868 eternus
1355 826 1389 866 ex
1412 809 1506 880 Patre,
1521 809 1586 886 ipae
1599 814 1676 869 tana
1731 797 1734 803 ’

73 904 157 977 ttpro
172 899 292 958 homine
302 898 438 957 videlieet
452 902 602 971 peccatore
612 903 641 955 et
651 897 796 967 rationali,
852 901 961 974 poralis
975 918 1009 958 ex
1023 905 1126 969 matre,
1142 901 1206 974 ipse
1221 901 1270 973 qui
1288 900 1366 966 iecit,
1378 898 1440 971 ipse
1450 899 1499 972 qui
1517 899 1612 957 laetus
1622 903 1676 968 est,

74 988 194 1049 tionalis
209 988 318 1058 hostia,
329 988 357 1046 id
377 992 422 1045 nst
436 988 534 1056 homo,
546 992 575 1045 et
591 986 653 1044 sine
668 992 796 1060 peccato,
852 990 914 1064 ipse
931 990 1082 1064 speciosus
1097 1007 1155 1062 pree
1170 989 1240 1045 illiis
1250 988 1405 1045 hominum
1421 1005 1473 1061 per
1484 987 1677 1057 divinitatem,

85 1076 207 1137 homine
220 1076 383 1149 assumpsit
396 1080 531 1133 naturam
548 1094 605 1133 non
620 1075 749 1150 culpam,
761 1078 797 1132 ad
853 1084 882 1136 ct
896 1079 959 1152 ipse
969 1078 1006 1135 dc
1024 1096 1083 1151 quo
1092 1079 1203 1134 dietum
1215 1080 1277 1134 est:
1292 1077 1414 1134 Vidimus
1431 1093 1504 1143 eum,
1516 1083 1541 1133 et
1554 1093 1611 1135 aest
1621 1085 1681 1135 eat

74 1166 211 1225 lationem
231 1165 328 1223 offerri
351 1184 408 1222 non
434 1165 538 1239 potuit.
551 1165 631 1222 Fecit
653 1182 722 1238 ergo
745 1183 798 1237 pro
852 1175 983 1241 aspectus,
998 1177 1025 1224 et
1038 1185 1094 1224 noa
1110 1177 1148 1224 est
1170 1169 1197 1223 ei
1216 1169 1424 1239 speciemque
1445 1164 1526 1223 decor
1538 1167 1602 1234 (lta.
1618 1182 1678 1232 uu,

74 1256 249 1315 neriiicinm
261 1272 368 1328 eorpus
381 1272 481 1323 suum,
491 1255 624 1311 exhibuit
634 1272 686 1327 pro
701 1271 798 1328 pecca·
851 1261 893 1328 2),
905 1275 957 1331 per
966 1257 1190 1315 humanitatom.
1204 1257 1268 1330 lpse
1281 1261 1348 1312 ante
1360 1254 1467 1311 secula
1476 1255 1512 1311 de
1521 1254 1606 1313 reas
1615 1253 1679 1314 siue

74 1343 250 1403 amotimsm
266 1344 330 1403 sino
351 1348 480 1416 peccato,
492 1360 555 1416 que
570 1347 599 1398 et
615 1343 798 1401 humanitate
852 1350 957 1412 matre,
968 1346 1031 1421 ipse
1046 1347 1076 1402 in
1089 1348 1146 1403 tine
1156 1345 1329 1402 seculorum
1341 1345 1377 1401 de
1391 1346 1484 1400 matre
1497 1343 1561 1400 sine
1571 1344 1654 1415 patre
1670 1360 1677 1398 ε

74 1436 98 1493 tt
112 1433 288 1506 injustitiam
300 1430 443 1489 mundare
459 1431 612 1506 potuisset.
627 1431 707 1488 Finis
723 1431 798 1489 seili-
851 1436 915 1508 ipse
930 1436 1090 1493 conditoris
1100 1434 1254 1508 templum,
1265 1434 1328 1508 ipso
1337 1432 1471 1490 eonditor
1480 1428 1583 1504 templi
1596 1449 1602 1487 :
1616 1430 1679 1504 ipse

74 1539 100 1581 itt
125 1522 176 1596 qui
199 1521 357 1589 consumit,
373 1521 424 1580 sed
451 1521 501 1594 qui
528 1520 649 1593 perfecit
671 1537 750 1590 cum,
766 1520 796 1577 in
851 1528 954 1582 auctor
968 1523 1076 1599 operis,
1088 1524 1151 1596 ipse
1165 1542 1240 1598 opus
1255 1522 1383 1581 auctoris
1395 1538 1402 1578 τ
1413 1536 1536 1577 mansue
1551 1536 1629 1579 uuus
1643 1535 1679 1578 ex

74 1610 259 1686 apparuitet
277 1611 372 1667 iactus
397 1610 534 1669 sacerdos
549 1609 579 1665 in
594 1614 736 1667 eternum
752 1627 796 1668 sc·
852 1617 977 1686 utroquo
988 1617 1018 1670 et
1028 1613 1057 1669 in
1067 1616 1314 1686 utraquenatura,
1321 1627 1373 1667 nce
1383 1613 1555 1668 naturarum
1563 1607 1679 1680 copula·
1787 1656 1791 1663 ,

74 1716 102 1759 m
116 1699 249 1757 ordinem
266 1697 492 1767 Melchisedech,
504 1702 574 1754 tunc
590 1714 695 1755 novum
712 1703 798 1757 testa-
853 1702 1094 1770 tioneconiusus,
1106 1718 1159 1758 nec
1170 1695 1678 1771 naturarumdistinctionegcmins·

74 1805 114 1857 m,
125 1788 204 1861 quod
230 1787 314 1846 nobis
331 1788 367 1845 de
381 1803 456 1859 pane
470 1791 499 1845 ot
514 1785 580 1845 vino
596 1803 674 1861 aqua
696 1787 795 1856 misto,
851 1793 983 1848 tuella
1000 1795 1107 1849 natura
1120 1789 1283 1847 divinitatis
1297 1788 1418 1862 aqualis
1429 1793 1459 1846 et
1471 1790 1677 1845 coeternusae

74 1876 229 1935 erilicaute
241 1882 271 1934 et
284 1876 447 1933 vivificante
457 1880 544 1950 atque
554 1874 752 1946 benedicente,
766 1876 795 1932 in
851 1880 1113 1940 consubstantialis
1128 1878 1205 1937 Patri
1220 1883 1250 1937 et
1264 1879 1385 1952 Spiritui
1399 1881 1515 1946 sancto;
1525 1875 1555 1934 ia
1571 1879 1677 1934 natura

74 1983 166 2041 erpere
176 1970 205 2022 et
215 1965 359 2039 sanguine
369 1981 423 2021 sno
433 1963 607 2038 mysterium
617 1965 794 2034 fidei,donec
848 1969 1046 2028 humanitatis
1058 1968 1222 2026 minoratus
1234 1967 1321 2041 paulo
1337 1967 1437 2024 minus
1451 1966 1488 2023 ab
1503 1963 1633 2039 angelis:
1645 1964 1676 2022 in

74 2071 154 2115 anus
163 2055 259 2111 ueniat
268 2053 399 2122 tradidit,
411 2053 565 2111 manifeste
575 2054 715 2127 perileiet,
726 2071 794 2113 enm
849 2055 1676 2133 qusresurgendoamortuisgloriaetbonorecoronatus

79 2142 273 2218 diligentibus
293 2160 334 2211 se,
350 2142 401 2216 qui
424 2143 586 2201 seeundum
611 2143 794 2217 propositum
849 2153 904 2213 est,
916 2153 946 2204 et
957 2147 1235 2220 constitutussuper
1249 2145 1349 2203 omnia
1363 2161 1452 2218 opera
1466 2159 1609 2201 manuum
1624 2142 1676 2199 Ps-

75 2238 148 2293 sant
162 2232 266 2303 saneti,
283 2250 335 2306 per
357 2233 532 2307 patefactam
557 2233 720 2304 majestatis
734 2250 793 2291 sure
849 2236 1027 2308 tris,etdntn
1036 2242 1080 2294 est
1090 2237 1115 2292 ci
1127 2235 1224 2292 omnis
1239 2238 1368 2308 potestas
1382 2233 1412 2288 in
1423 2231 1495 2290 coelo
1504 2234 1534 2288 et
1548 2229 1578 2287 iu
1588 2234 1678 2298 tarra,

74 2338 96 2381 n
109 2323 405 2395 ostendet,quomodo
415 2321 472 2395 ipsi
482 2321 614 2396 gignenti
625 2339 683 2379 noa
698 2321 796 2395 impar
848 2331 878 2382 st
891 2324 1071 2383 clariticatus
1086 2330 1131 2382 est
1152 2323 1285 2381 claritate
1304 2322 1365 2391 illa,
1376 2338 1465 2394 quam
1479 2319 1510 2377 in
1526 2317 1677 2383 diuinitate

74 2415 141 2487 ⁸,et
165 2411 312 2485 quomodo
335 2410 488 2483 utriusque
513 2410 652 2483 Spiritus,
676 2409 794 2484 utrique
850 2415 956 2472 hebuit
968 2416 1046 2488 apud
1064 2414 1179 2470 Patrem
1198 2412 1371 2485 priusquam
1392 2410 1521 2467 mundus
1536 2408 1628 2471 aeret,
1643 2410 1677 2465 ut

74 2516 128 2571 nus
147 2518 181 2557 ac
205 2499 475 2568 consubstantialis,
492 2497 582 2556 simul
607 2499 643 2556 ab
669 2503 794 2572 utroque
848 2503 955 2560 iisdem
969 2502 1159 2560 dilectoribus
1175 2501 1239 2557 suis
1253 2498 1537 2573 palamostenderct,
1548 2495 1677 2555 camah

75 2593 127 2649 nt:
143 2590 291 2664 quomodo
306 2589 333 2646 is
354 2588 404 2661 qui
429 2587 549 2646 oriendo
564 2606 582 2644 a
598 2587 682 2645 Patre
695 2592 750 2655 est,
767 2588 793 2643 ei
849 2596 949 2664 sorpta
963 2594 1041 2647 esset
1054 2607 1134 2647 mors
1148 2589 1179 2645 in
1194 2589 1325 2657 victoria,
1336 2586 1459 2644 mortale
1473 2586 1528 2642 boe
1540 2587 1674 2641 nostrum

86 2679 185 2738 oritur
194 2678 380 2751 subsequens
392 2695 450 2735 non
466 2678 688 2750 estzquomodo
702 2675 792 2749 isqui
849 2679 970 2737 induere
985 2679 1235 2735 immortalitatem
1252 2678 1289 2734 ad
1301 2693 1387 2733 suam
1402 2672 1551 2732 felicitatis
1565 2671 1674 2745 sempi-

75 2769 150 2829 nene
165 2768 346 2841 producitur,
364 2766 611 2840 aproierentibus
631 2781 688 2821 non
708 2763 792 2837 prori-
848 2770 937 2824 terna
947 2766 1170 2825 beatitudinem.
1182 2767 1252 2838 Ejus
1267 2763 1456 2822 beatitudinis
1473 2763 1618 2834 perpetua
1629 2760 1674 2819 ic-

75 2858 186 2917 umodo
197 2861 226 2915 et
237 2874 329 2912 unum
343 2854 526 2912 divisibiliter
536 2853 593 2910 tria
603 2853 711 2924 sint,et
721 2850 795 2909 indi·
848 2856 991 2913 licitatum
1006 2856 1091 2913 anxie
1111 2854 1293 2929 suspirantes
1308 2857 1336 2910 et
1351 2849 1532 2916 anhelantes,
1549 2846 1673 2923 ingemi·

75 2945 185 3011 wiri!
195 2962 287 3002 unum
301 2963 307 3001 :
320 2945 370 3001 sed
381 2942 596 3000 humanitatem
607 2957 680 2997 verta
696 2940 795 3005 tarnis
848 2946 960 3003 seimus
975 2945 1086 3021 gravati
1102 2945 1131 3001 in
1147 2943 1203 3000 bec
1224 2939 1420 3008 tabernaculo,
1437 2937 1579 2997 habentes
1594 2936 1674 2995 hune

75 3034 246 3094 strationali
258 3034 368 3104 anima,
380 3050 439 3089 una
450 3047 550 3088 seeum
561 3031 597 3087 de
608 3029 718 3103 Spiritu
730 3047 795 3087 san·
848 3034 916 3091 tldei
932 3038 961 3090 et
976 3033 1038 3108 spei
1054 3050 1087 3090 ae
1103 3030 1266 3089 dilectionis
1282 3030 1455 3086 thesaurum
1471 3025 1502 3082 in
1512 3023 1675 3083 uasislioti·

76 3124 162 3183 heah
186 3123 277 3187 Maria
300 3137 417 3196 semper
440 3119 568 3194 Virgine,
579 3118 609 3175 in
632 3117 794 3177 visceribus
848 3122 1032 3181 libus.llnde
1047 3121 1132 3179 nobis
1155 3138 1207 3194 per
1230 3119 1406 3192 Prophetam
1431 3112 1674 3174 moironcourt-

75 3229 85 3272 τ
98 3229 185 3271 earne
200 3212 294 3285 ipsius
306 3213 486 3283 conceptam,
499 3212 529 3265 ct
541 3224 608 3265 mox
620 3212 753 3265 sanctam
764 3207 794 3263 in
848 3214 915 3269 mite
928 3212 1157 3269 diemsolemnem
1173 3211 1203 3265 in
1216 3204 1529 3281 confrequentationibus
1540 3217 1626 3276 erese
1638 3201 1675 3259 sd

75 3317 120 3360 em
135 3306 328 3374 assumptam,
345 3317 404 3356 suae
424 3315 565 3371 persuum,
581 3296 632 3370 qui
649 3296 712 3354 sine
736 3295 795 3354 ullo
811 3281 832 3349 G
849 3317 935 3359 conte
949 3301 1049 3358 altaris
1059 3299 1146 3370 (Peet.
1163 3315 1246 3365 axvrr,
1256 3299 1313 3365 27).
1325 3294 1392 3352 Dies
1403 3290 1604 3351 solemnlscst
1617 3289 1674 3349 m

77 3390 225 3465 perlectus
250 3388 340 3457 Deus,
364 3386 538 3460 Unigenitus
561 3385 682 3459 aqualis
706 3384 794 3455 Patri,
851 3388 931 3445 mine
945 3387 1132 3460 compunctio
1152 3386 1249 3443 cordis
1273 3382 1376 3441 nostri.
1393 3382 1449 3440 Sed
1475 3384 1546 3439 tunc
1559 3377 1589 3437 in
1604 3394 1674 3435 cone

75 3494 119 3537 tus
132 3478 220 3536 homo
235 3477 265 3534 in
280 3479 339 3535 fine
357 3475 531 3534 seculorum
550 3479 638 3532 natus
652 3477 706 3541 est,
718 3490 796 3554 unus
851 3475 1133 3549 frequentationibus
1143 3476 1206 3532 dies
1216 3471 1356 3530 solemnis
1364 3469 1633 3535 constituiturmum
1643 3466 1675 3549 in

75 3584 118 3636 ns,
132 3584 218 3624 verus
242 3566 333 3623 Filius
357 3565 419 3632 Dei,
442 3581 493 3637 per
519 3569 635 3620 uterum
663 3563 796 3635 ejusdem
850 3565 996 3638 lacrymas
1011 3564 1119 3621 amoris
1134 3564 1199 3635 ejus
1216 3560 1333 3619 assidue
1348 3576 1432 3617 mens
1447 3556 1676 3617 solvitur.dtne

75 3656 111 3727 ls,
121 3673 187 3730 qun
197 3654 304 3712 ancilla
318 3660 363 3711 est
379 3654 474 3728 ipsius
488 3652 617 3710 hominis
634 3670 686 3726 per
696 3650 798 3708 divini·
851 3654 1020 3721 morientes,
1032 3652 1055 3709 si
1069 3670 1126 3709 non
1138 3651 1283 3708 diceretur
1297 3646 1428 3721 quandiu
1444 3645 1502 3702 ista
1515 3642 1609 3703 acturi
1622 3660 1675 3700 su-

83 3748 114 3804 et
127 3749 222 3802 mater
230 3744 316 3800 Verbi
328 3761 379 3817 per
397 3759 514 3799 carnem
527 3742 631 3810 (deret.
648 3738 699 3797 lib.
716 3758 795 3809 xviri,
851 3761 930 3814 mus,
941 3741 1129 3800 tribulatione
1142 3741 1335 3806 attrectamur,
1347 3736 1425 3794 illico
1436 3732 1595 3793 terminum
1606 3748 1675 3806 quo

78 3849 113 3891 :a
129 3833 183 3889 Cui
208 3837 241 3889 ut
264 3833 409 3904 scriptum
436 3834 480 3888 est
496 3848 502 3885 :
519 3831 578 3887 Non
606 3829 798 3902 admonebitur
852 3848 945 3905 usque
956 3831 1019 3889 lieri
1034 3831 1138 3887 debeat
1153 3826 1308 3901 subjungit
1321 3825 1432 3894 dicens,
1444 3838 1529 3898 stow
1542 3820 1578 3880 td
1591 3836 1677 3880 cornu

75 3921 155 3980 tarde
166 3923 304 3994 AEtltiopt'u
314 3922 372 3986 (iot
382 3937 480 3985 xristu,
495 3920 547 3991 te).
559 3919 702 3985 Quoniam
717 3918 797 3974 alind
852 3922 959 3977 ottonis.
970 3920 1065 3977 Cornu
1081 3916 1189 3991 quippe
1204 3916 1306 3974 altaris
1325 3919 1370 3972 est
1384 3912 1521 3971 exaltatio
1540 3907 1677 3971 amancii

76 4012 127 4070 tos
150 4009 285 4069 homines
311 4010 437 4084 gratiam
467 4006 632 4080 adoptionis
656 4005 797 4080 accipere,
851 4007 1009 4077 interioris,
1022 4008 1070 4063 ubi
1083 4025 1150 4063 euin
1160 4006 1340 4071 venerimus,
1350 4004 1414 4075 jam
1426 3999 1508 4063 nulla
1518 3997 1677 4074 necessitas

76 4116 161 4171 unum
183 4099 375 4174 singulariter
387 4115 439 4172 per
452 4095 612 4154 divinitatis
637 4095 798 4168 potentiam
852 4097 908 4155 crit
925 4100 957 4152 ut
970 4095 1131 4155 solemnem
1147 4095 1225 4152 diem
1236 4093 1360 4150 Domino
1371 4092 1406 4148 de
1421 4093 1524 4147 nasim
1534 4086 1676 4147 tamenta·

80 4204 116 4246 u
130 4187 195 4260 ipso
214 4191 356 4259 conceptu
380 4184 513 4260 prodisse
525 4200 531 4240 :
543 4199 596 4240 nee
621 4181 730 4255 aquari
745 4199 798 4256 po·
852 4185 930 4242 tione
943 4183 1097 4241 laniamus.
1108 4183 1151 4239 Ad
1162 4183 1240 4255 quod
1254 4182 1344 4239 altare
1369 4176 1516 4235 interioris
1539 4171 1677 4233 mnudi

76 4273 144 4335 atla
159 4272 307 4347 Unigenlti
325 4271 432 4330 habita·
456 4289 508 4345 per
531 4275 666 4329 naturam
682 4271 719 4327 ab
733 4268 800 4327 aliis
853 4292 911 4333 non
923 4272 1035 4331 aceedit
1046 4271 1102 4330 nisi
1114 4271 1268 4345 justus,od
1280 4269 1358 4343 quod
1374 4265 1423 4322 illo
1436 4260 1629 4339 pervenitqui
1640 4260 1676 4321 ad

76 4376 156 4439 aper
167 4362 303 4436 gratiam.
314 4359 456 4419 Mediator
465 4359 573 4433 quippe
584 4358 635 4417 Dei
649 4363 737 4432 atoue
752 4358 801 4416 ho-
853 4363 932 4423 istnd
944 4378 1072 4435 presens
1081 4358 1230 4419 etvisibile
1240 4356 1351 4416 accedit
1360 4353 1454 4430 grstia
1468 4350 1518 4411 llsi
1529 4348 1677 4427 justitior·

76 4446 189 4511 themo
199 4448 335 4507 Christus
345 4449 442 4516 lesus,
454 4464 510 4504 non
522 4452 567 4505 eet
576 4446 688 4504 alteria
699 4447 801 4506 huma·
854 4457 913 4519 tus,
923 4456 953 4509 et
966 4450 1027 4507 illic
1042 4450 1169 4507 inveniet
1178 4447 1267 4504 vitam
1283 4461 1379 4512 suam,
1391 4441 1441 4516 qui
1457 4441 1494 4500 ad
1505 4439 1584 4498 istud
1595 4452 1677 4496 acce.-

86 4536 161 4599 atter
175 4538 205 4596 in
221 4538 346 4595 deitate:
358 4537 428 4611 quia
443 4554 501 4594 non
521 4554 614 4609 purus
629 4536 717 4594 homo
731 4553 799 4599 eoa·
854 4541 926 4598 dens
937 4539 1106 4598 discreverit
1116 4553 1235 4595 eausam
1251 4532 1433 4603 suam,unde
1444 4526 1680 4603 dispensaturui·

76 4646 79 4680 i
102 4629 191 4700 atquc
214 4627 321 4697 editus,
340 4631 407 4699 post
429 4642 481 4699 per
504 4625 643 4681 meritum
668 4630 701 4682 ut
723 4624 801 4683 Deus
817 4652 840 4718 Ι)
855 4629 945 4686 clima
957 4626 1171 4700 saluteris,qua
1185 4624 1312 4681 deletum
1331 4625 1377 4679 est
1390 4619 1494 4678 debitae
1515 4614 1679 4676 damnatio·

76 4716 196 4790 aceepit3
219 4716 271 4774 aed
296 4715 449 4773 nuntiante
464 4713 579 4787 angelo,
590 4718 618 4770 et
633 4714 802 4773 adveniente
857 4718 903 4774 nis
913 4735 947 4775 ac
957 4715 1283 4773 maledictionisncstrn
1291 4707 1521 4784 chirographum
1529 4706 1607 4780 quod
1618 4709 1682 4765 arat

76 4822 99 4875 t,
111 4822 179 4865 mox
196 4804 326 4862 Verbum
351 4804 380 4859 in
406 4809 500 4873 utero,
514 4820 580 4859 mox
596 4803 673 4860 intre
688 4807 803 4863 uterum
857 4805 1036 4864 contrarium
1047 4805 1143 4873 nohis,
1154 4796 1681 4875 ottriumphatusesthostiscompu-

76 4910 107 4953 nt
120 4911 198 4962 earo,
209 4899 240 4951 et
263 4898 400 4951 manente
415 4890 648 4949 incommutabili
663 4893 802 4963 essentia,
857 4899 924 4953 tans
949 4899 1049 4952 nostro
1070 4897 1199 4968 peccata,
1213 4896 1242 4948 et
1261 4906 1396 4965 querens
1414 4887 1485 4962 qnid
1508 4883 1638 4958 objiciat,
1653 4886 1683 4938 ct

75 4983 165 5043 ioum
186 4983 270 5041 Patre
285 4987 314 5041 et
332 5000 400 5040 cum
416 4985 516 5039 sancto
536 4979 645 5053 Spiritu
662 4987 804 5039 coaeterna
859 4985 933 5042 nihil
947 4985 1098 5042 inveniens
1113 4983 1143 5039 in
1154 4983 1204 5039 illo
1213 4982 1244 5038 in
1255 4998 1313 5055 quo
1323 4977 1478 5046 vincimus,
1489 4968 1680 5032 credentesin

76 5073 216 5146 asumpsit
239 5072 315 5131 intra
328 5069 458 5144 Virginis
479 5069 599 5137 viscera,
612 5070 690 5127 unde
705 5075 734 5129 ct
748 5070 803 5129 im·
858 5091 926 5131 eum
942 5073 993 5147 qui
1008 5091 1060 5148 ρτο
1077 5073 1161 5130 nobis
1169 5069 1352 5128 debitoribus
1366 5065 1480 5133 mortis,
1490 5060 1593 5121 mortis
1603 5057 1681 5116 debi—

76 5159 129 5219 itis
144 5161 216 5235 pati,
227 5166 257 5218 et
270 5159 445 5219 immortalis
462 5157 546 5224 mori,
558 5162 587 5214 et
601 5162 728 5217 aeternus
737 5164 804 5219 autc
858 5168 922 5221 tum
939 5164 1017 5236 qued
1032 5180 1089 5220 non
1101 5163 1224 5219 debehat
1239 5158 1370 5227 exsolvit,
1381 5155 1496 5213 solvens
1510 5147 1681 5208 inimicitias

76 5249 271 5323 ttamporalis
293 5253 392 5323 posset
410 5265 474 5305 esee
489 5247 518 5302 in
535 5247 778 5306 lineamentorum
796 5268 803 5305 ι
860 5272 933 5327 quas
948 5254 1094 5327 peccando
1104 5250 1304 5310 contraximus
1315 5251 1343 5305 in
1355 5261 1441 5303 carne
1451 5259 1515 5311 sua,
1527 5240 1682 5311 bonuspa·

77 5338 241 5397 'motabile
255 5343 484 5408 sacramentum,
496 5341 636 5409 conceptu
654 5342 766 5408 sancto,
776 5344 806 5396 et
860 5349 922 5402 ster
938 5343 1066 5401 animam
1082 5361 1166 5402 sunm
1186 5359 1298 5415 ponens
1323 5356 1374 5412 pro
1389 5334 1492 5392 oribus
1515 5328 1589 5395 suis,
1604 5329 1638 5383 ut
1651 5326 1681 5382 id

76 5426 248 5498 inviolabili,
261 5428 423 5485 seeundum
434 5426 584 5483 venialem
598 5427 748 5500 utriusque
758 5447 807 5486 na·
860 5439 1044 5492 sacramento
1059 5439 1159 5490 nostro
1174 5448 1280 5504 eorpus
1295 5433 1323 5485 ot
1336 5422 1510 5498 sanguinem
1524 5434 1612 5478 suum
1622 5433 1683 5474 ver-

77 5519 181 5577 ”dem
195 5517 294 5593 Virgo,
309 5521 341 5575 ul
363 5516 542 5585 diximus‚0t
561 5513 667 5571 ancilla
690 5520 805 5577 Domini
860 5528 944 5596 teret,
955 5528 985 5582 et
998 5542 1066 5582 oves
1081 5541 1155 5596 quas
1175 5521 1336 5579 redemerat
1350 5513 1447 5572 earnis
1461 5528 1522 5569 sne
1542 5507 1682 5567 alimento

77 5612 103 5665 nt
114 5612 222 5666 mater.
235 5607 282 5665 Sic
293 5607 402 5681 quippe
417 5606 443 5664 ci
461 5606 499 5663 ab
520 5603 666 5661 Elisabeth
677 5607 804 5666 dicitur:
860 5615 990 5672 satiaret.

77 5696 120 5756 lx
131 5694 263 5763 uitiiset
283 5698 376 5756 evenne
387 5703 475 5753 moto
487 5694 597 5751 Domini
620 5696 676 5752 mei
693 5696 729 5753 nd
741 5701 807 5756 nte?
