3810 6098
99 286 176 350 1099

119 526 128 563 ι
230 550 237 563 .

97 508 120 564 h
131 514 294 652 Critegllhllll.
310 597 333 651 A
357 595 465 667 quibus
492 594 638 652 accusatio
660 594 705 650 vel
719 594 921 650 testimoniam

98 685 202 741 debeat
210 683 406 756 recipi,saneti
413 683 539 739 Africani
548 701 674 740 canones
685 687 817 756 patentes
827 687 922 738 esten-

98 773 182 842 dunt,
194 772 223 828 id
240 776 294 839 est,
306 789 380 844 quos
395 771 517 844 puhlicae
532 771 611 845 leges
631 774 667 827 ad
691 772 921 839 accusationem,

96 860 141 918 vel
152 862 188 918 ad
198 861 401 917 testimoniam
413 859 568 932 recipiunt,
576 861 651 916 sicul
662 859 777 932 plenius
788 876 822 914 ac
832 857 921 914 latius

98 967 133 1007 cx
147 950 248 1007 eedem
262 948 395 1016 concilio,
407 953 435 1005 et
458 967 491 1005 ex
516 949 639 1021 legibus,
656 966 714 1004 nen
732 946 818 1021 longo
832 963 922 1019 supra

97 1038 321 1096 ostendimusdc
332 1038 521 1094 sacularibus
530 1038 711 1094 hominihus.
719 1038 759 1093 De
770 1037 861 1092 saeris
873 1053 921 1091 aa·

98 1132 157 1184 tem
172 1127 324 1183 ordinibus
335 1130 454 1183 sanetas
465 1125 599 1182 Celusius
617 1127 646 1181 in
666 1125 790 1181 decretis
804 1125 865 1180 suis
881 1126 922 1180 di·

97 1215 150 1271 cit:
162 1215 221 1271 uNe
232 1215 401 1272 elericorum
413 1216 570 1288 quisquam
581 1232 612 1271 se
620 1215 711 1287 hujus
719 1215 835 1270 ollensae
846 1214 921 1269 futu·

98 1320 164 1360 rum
175 1304 301 1359 eonlldat
311 1303 485 1370 immunem,
494 1321 525 1360 se
535 1304 565 1359 in
577 1303 698 1376 hisquae
710 1303 868 1359 salubriter
880 1319 922 1359 sc·

98 1389 922 1464 quendadeprompsimus,siveepiscopum.sivopreshy-

97 1479 266 1547 terum‚sive
278 1479 434 1535 diaconum
445 1480 550 1536 viderit
559 1481 817 1544 excedentem,n0n
829 1479 921 1551 proti·
934 1471 947 1487 “

490 286 679 349 HlNCMAlll
701 283 824 345 lllilllll.
847 283 1027 344 annulae.
1051 283 1255 347 OPUSCULA
1277 286 1410 348 vaula.

1 470 2 478 ,
97 420 228 494 glexerit,
244 425 276 475 ut
291 418 461 475 dilationem
477 420 626 476 sententiae
649 421 684 475 de
710 416 844 474 absentia
859 433 916 472 non
933 416 961 482 A
976 420 1066 473 testes
1082 419 1237 474 mendaces
1248 418 1554 491 producunt,quia‚ut
1565 422 1690 474 sanetus
1705 419 1804 490 Auga-

1727 283 1805 347 1100

976 505 1073 561 611666
1084 505 1164 572 dicit,
1182 524 1257 561 nean
1272 508 1440 579 morborum
1457 524 1565 580 genera
1579 524 1657 563 nova
1676 523 1804 579 quaerere

975 597 1084 666 cogunt
1099 595 1309 650 medicatorum
1325 595 1532 668 experimenta.

1011 684 1078 739 Car.
1100 683 1158 738 XV.
1184 685 1205 737 A
1235 684 1397 756 majeribus
1430 685 1540 741 nostris
1574 683 1747 756 accepimus
1774 689 1804 740 ut

975 770 1103 843 exceptis
1128 772 1359 838 accusatoribus,
1376 777 1488 844 septem
1512 773 1573 828 sint
1587 777 1682 829 testes
1697 771 1801 841 idonei,

975 860 1026 933 qui
1037 861 1238 917 testimonium
1246 878 1332 917 suum
1344 879 1396 934 per
1404 867 1735 918 sacramentumverum
1743 878 1803 918 esse

976 951 1160 1019 confirment,
1177 951 1335 1022 exquibus
1351 967 1400 1005 sex
1418 952 1529 1022 jurent,
1549 954 1578 1006 et
1604 951 1765 1023 septimus,
1780 951 1802 1006 si

975 1037 1103 1094 ratiavcl
1118 1036 1244 1110 qualitas
1269 1054 1400 1110 persona
1425 1038 1579 1110 permittit,
1596 1039 1633 1094 ad
1656 1038 1802 1110 judicium

975 1130 1056 1183 exeat
1065 1127 1141 1198 qued
1155 1126 1197 1181 illi
1209 1144 1258 1182 sex
1270 1126 1338 1182 inde
1348 1128 1498 1182 veritatem
1511 1144 1563 1199 per
1583 1131 1801 1183 sacramentum

950 1226 957 1239 ·
976 1214 1110 1269 dixerint.
1128 1214 1161 1268 ut
1174 1214 1215 1269 sic
1231 1215 1266 1270 de
1280 1216 1468 1286 comprobate
1484 1216 1655 1287 presbytero
1675 1214 1803 1287 Apostoli

975 1307 1116 1375 sequatur
1130 1304 1276 1359 sententia
1291 1321 1298 1358 t
1315 1304 1347 1359 Si
1360 1305 1422 1376 quis
1436 1321 1492 1359 aaa
1507 1305 1596 1360 obedit
1609 1304 1692 1361 aerbo
1703 1313 1801 1370 nostro,

974 1394 1031 1447 siue
1044 1408 1094 1462 per
1107 1393 1259 1462 epistola-m,
1276 1394 1333 1448 siue
1355 1409 1404 1464 per
1423 1393 1545 1457 tertam,
1567 1394 1643 1448 harrrc
1665 1402 1803 1461 66161661

974 1481 1059 1536 nolite
1072 1482 1242 1536 commisceri
1255 1498 1317 1535 curn
1331 1497 1361 1536 eo
1373 1481 1408 1546 (ll
1425 1481 1511 1536 Thess.
1522 1481 1584 1547 111‚l
1592 1483 1631 1553 4),
1642 1487 1671 1538 et
1682 1481 1801 1556 reliqua.

98 1585 154 1625 nus
165 1568 201 1624 ad
212 1567 921 1640 auresaestrasdclerrecuraveritprebationibus
976 1569 1010 1623 Et
1025 1573 1145 1624 sanctus
1165 1569 1221 1624 Leo
1237 1586 1312 1641 papa
1327 1570 1355 1623 in
1373 1558 1500 1625 decretis'
1512 1570 1575 1625 suis
1591 1572 1629 1626 ad
1653 1572 1802 1629 universos

97 1658 239 1713 duntaxat
254 1661 453 1730 competenter
474 1658 622 1724 exhibitis,
639 1663 672 1713 ut
696 1656 921 1730 transgressoris
976 1657 1128 1729 episcopos
1144 1673 1195 1729 per
1209 1657 1358 1713 universas
1369 1657 1534 1729 provincias
1545 1659 1727 1716 constitutos
1739 1660 1803 1716 dicit

98 1745 170 1802 ultio
195 1747 255 1815 ilat,
272 1750 301 1802 et
324 1747 435 1802 crateris
459 1745 625 1802 interdictio
641 1746 840 1818 delinquendi.
858 1768 871 1795 a
888 1746 922 1801 El·
976 1748 1065 1817 (epist.
1084 1747 1109 1813 l)
1127 1763 1134 1800 ε
1152 1769 1165 1793 a
1182 1745 1240 1799 Hoc
1257 1744 1417 1800 admonitio
1433 1751 1534 1801 nestra
1548 1747 1801 1820 denuntiat,qued

98 1835 172 1894 sacri
187 1836 290 1892 Africa
313 1836 466 1908 provinciae
491 1853 627 1902 canones,
644 1840 673 1890 et
697 1836 741 1891 lex
756 1835 924 1890 lastiniana
978 1833 1085 1906 siquis
1102 1835 1224 1888 fratrum
1240 1840 1341 1889 contra
1356 1835 1415 1890 hec
1440 1835 1603 1891 constituta
1623 1837 1747 1904 venerit,
1762 1835 1801 1893 vel

98 1926 258 1981 decernunt
273 1943 280 1980 ε
297 1923 399 1980 Clerici
425 1925 460 1981 de
477 1923 584 1997 judicii
609 1925 653 1980 sui
679 1925 843 1997 cognitione
865 1940 923 1978 nen
977 1923 1074 1978 venire
1089 1923 1253 1994 tentaverit,
1265 1927 1294 1978 et
1304 1924 1451 1996 prohibita
1466 1924 1554 1980 luerit
1564 1943 1660 1981 ausus
1674 1926 1803 1983 admitte·

98 2013 280 2086 coganturin
291 2012 408 2086 publico
420 2013 515 2069 dicere
529 2013 742 2079 testimonium,
756 2030 813 2068 non
825 2016 924 2067 autem
978 2026 1018 2075 re,
1035 2028 1051 2066 a
1066 2028 1119 2066 suo
1135 2028 1166 2066 se
1181 2012 1292 2066 noverit
1308 2012 1403 2068 officio
1414 2013 1664 2083 submovendum,
1675 2032 1729 2071 nec
1742 2031 1802 2071 cum

100 2103 129 2157 in
145 2101 342 2157 ecclesiastico
351 2101 463 2173 judicio
485 2101 579 2157 dicere
603 2101 804 2156 testimonium
825 2100 923 2172 prohi-

99 2190 214 2244 bentur.
231 2189 313 2244 Sicut
327 2190 414 2244 etiam
432 2190 467 2244 de
482 2190 626 2262 episeopis
641 2191 669 2244 in
694 2189 922 2245 Chalcedonensi

99 2276 223 2333 coneilio
239 2277 375 2350 legimus.
388 2278 470 2332 Unde
486 2278 514 2332 in
531 2278 650 2349 synodis
667 2277 805 2333 Romanis
820 2279 856 2332 ab
867 2278 923 2332 llu-

100 2366 185 2439 gcnic
200 2370 229 2421 ct
253 2367 347 2421 Leone
372 2370 475 2437 quarto
500 2365 653 2421 celebratis
677 2367 825 2421 decretam
855 2369 922 2421 est:

100 2457 273 2528 Quanquam
289 2456 473 2511 sacerdotum
494 2455 697 2511 testimoniam
715 2455 852 2510 credibile
871 2454 924 2509 ha-

100 2545 212 2610 beatur,
220 2545 318 2600 tamen
329 2545 386 2616 ipsi
401 2544 431 2598 in
443 2543 632 2600 sacularibus
645 2544 770 2616 negotiis
780 2560 832 2616 pro
843 2543 924 2598 testi-

978 2100 1194 2155 eommunioais
1209 2105 1314 2155 nostra
1330 2102 1462 2156 futurum
1479 2119 1543 2157 esse
1558 2108 1742 2174 consortem,
1758 2104 1803 2176 qui

979 2189 1077 2244 socius
1100 2205 1164 2243 esse
1180 2188 1274 2243 noluit
1289 2189 1461 2261 disciplinae,
1480 2213 1493 2239 a
1510 2195 1539 2245 et
1565 2190 1695 2265 reliqua.
1711 2193 1804 2249 Sedet

979 2278 1083 2332 beatus
1104 2276 1286 2349 Augustinus
1302 2295 1355 2333 suo
1371 2277 1592 2351 archiepiscopo
1608 2281 1757 2353 Xantippo
1772 2282 1803 2337 dc

977 2365 1164 2421 Abundantio
1192 2366 1359 2438 presbytero
1383 2383 1442 2422 sue
1467 2368 1614 2438 parochie
1634 2369 1678 2424 ita
1694 2368 1804 2442 scripsit

979 2454 1015 2508 ad
1030 2453 1126 2508 locum
1142 2455 1302 2525 (epist23ii,
1314 2456 1405 2523 liant.)
1422 2471 1428 2509 ι
1443 2477 1457 2504 a
1470 2455 1542 2521 Quia
1553 2473 1623 2512 eum
1635 2475 1696 2513 non
1709 2459 1803 2512 ambu-

978 2541 1123 2598 laretvias
1137 2558 1286 2598 servorum
1306 2542 1364 2609 Dei,
1376 2559 1432 2598 noa
1449 2544 1555 2599 bonam
1573 2546 1689 2601 famam
1705 2546 1803 2603 habere

100 2632 687 2700 menie,autconficiendisinstrumentis,
700 2649 757 2687 non
774 2638 922 2705 regentur,
978 2636 1104 2703 caeperat
1120 2649 1126 2686 :
1143 2648 1202 2703 qua
1226 2648 1278 2704 ego
1303 2632 1489 2698 conterritus,
1507 2650 1565 2688 nen
1583 2639 1687 2690 tamen
1713 2639 1802 2691 tenere

100 2721 169 2795 qnia
179 2738 228 2779 eos
237 2721 265 2776 in
276 2720 386 2777 talibus
397 2722 486 2777 rebus
495 2737 560 2777 esse
569 2739 626 2776 non
634 2720 776 2777 convenit.
785 2720 814 2775 Si
826 2726 923 2776 autem
978 2720 1088 2791 aliquid
1100 2721 1232 2786 eredens,
1245 2721 1295 2775 sed
1306 2720 1392 2792 plane
1403 2720 1556 2776 sollicitior
1567 2723 1678 2790 laetus,
1690 2741 1800 2795 operam

99 2816 203 2868 eventu
214 2809 312 2882 aliquo
324 2827 418 2866 causae
428 2809 623 2877 interfuerint,
636 2815 664 2865 et
674 2809 784 2880 aliquid
799 2808 924 2864 viderint
978 2809 1082 2872 dedi,si
1095 2824 1153 2879 quo
1165 2809 1250 2864 medo
1262 2824 1379 2880 possem
1390 2808 1427 2863 ad
1444 2808 1544 2880 aliqua
1555 2809 1643 2866 malae
1653 2828 1801 2869 conversa·

100 2905 151 2956 aut
164 2899 320 2966 audierint,
329 2898 378 2956 uhi
389 2898 475 2955 nulla
486 2899 522 2955 ad
533 2898 605 2954 illud
616 2899 726 2954 idoneae
738 2895 922 2953 secularium
976 2894 1065 2950 tionis
1080 2896 1144 2966 ejus
1158 2900 1237 2950 certa
1251 2895 1532 2968 incidiapervenire.
1548 2900 1591 2954 Ac
1611 2901 1712 2971 primo
1727 2917 1801 2956 eem-

100 2988 285 3046 iuvcniantur
295 3005 435 3061 personae,
446 3005 481 3044 nc
491 2987 598 3043 veritas
607 2986 816 3054 occultetur,et
827 2986 923 3044 malus
977 2983 1037 3055 peri
1049 3000 1116 3039 eum
1127 2984 1282 3056 pecuniam
1294 2985 1448 3057 cujusdam
1462 2986 1606 3042 rusticani
1615 2988 1718 3045 divino
1729 2990 1797 3062 apud

100 3082 133 3133 ut
155 3078 251 3134 bonus
279 3077 472 3145 existimetur,
489 3077 519 3131 in
538 3076 720 3148 previdentia
747 3075 856 3148 proprii
885 3075 924 3131 sit
976 3072 1226 3128 secemmendato
1252 3072 1459 3140 intervertisse,
1474 3075 1515 3131 ita
1539 3081 1573 3132 ut
1597 3077 1799 3143 nullam-inde

99 3165 238 3239 episcopi,
252 3169 284 3222 ut
296 3170 347 3222 aut
362 3182 460 3222 corana
477 3182 507 3221 se
524 3169 552 3220 et
566 3164 801 3237 competentibus
812 3151 958 3235 judici-C
977 3166 1075 3233 posset
1090 3161 1270 3234 probabilem
1286 3163 1406 3219 reddere
1429 3164 1585 3221 rationem.
1602 3166 1717 3224 Deinde
1738 3184 1801 3223 caa-

100 3255 166 3321 bus,
175 3258 226 3311 aut
240 3253 325 3310 aliter
333 3253 483 3309 veritatem
494 3253 653 3309 honorifice
670 3252 873 3308 testificentur.
889 3253 924 3309 111
977 3248 1071 3305 victus
1081 3253 1168 3322 atque
1180 3249 1332 3307 conlessus
1342 3258 1468 3320 cst,cum
1480 3270 1582 3310 secum
1595 3255 1715 3311 nullum
1726 3255 1800 3311 cleri·

100 3343 169 3398 hu'ic
184 3341 335 3398 sententiae
349 3341 518 3398 Justiniana
533 3341 578 3397 lex
592 3345 743 3397 consonat.
977 3354 1044 3393 oum
1060 3338 1189 3407 haberet,
1202 3355 1233 3394 sc
1244 3340 1321 3412 apud
1333 3342 1493 3412 quamdam
1506 3341 1591 3398 malae
1606 3344 1695 3400 lama
1706 3344 1802 3402 mulie·

135 3430 203 3486 Car.
219 3429 291 3486 x1V.
310 3432 348 3486 lle
370 3446 492 3486 numere
513 3431 632 3487 testium
649 3431 677 3484 in
692 3431 755 3503 lege
778 3434 922 3486 statutum
977 3444 1050 3496 rem,
1066 3431 1094 3482 et
1110 3428 1271 3498 prandisse,
1288 3434 1317 3484 et
1331 3446 1471 3500 coenasse,
1488 3437 1517 3487 ct
1531 3431 1561 3487 in
1580 3451 1641 3489 una
1662 3440 1691 3490 et
1705 3436 1798 3491 eadem

100 3524 154 3589 est,
171 3520 248 3593 quod
264 3523 292 3575 et
307 3519 336 3574 in
361 3519 517 3593 Earingelio
540 3525 585 3576 est
608 3520 825 3586 confirmatum,
839 3524 872 3574 ut
892 3520 923 3575 in
974 3517 1064 3571 dome
1074 3516 1237 3573 mansisse:
1253 3535 1321 3573 nam
1333 3536 1396 3591 quas
1409 3518 1533 3591 negavit,
1543 3521 1603 3578 Deo
1615 3523 1732 3591 dimisi,
1744 3540 1799 3596 qua

99 3625 147 3665 ore
159 3609 284 3665 duorum
295 3608 338 3666 vel
349 3609 438 3665 trium
451 3609 570 3664 testium
582 3613 638 3665 stet
647 3625 733 3664 omne
743 3609 875 3664 verbum.
889 3608 924 3663 llt
977 3604 1123 3660 occultare
1138 3604 1300 3677 permissas
1316 3624 1373 3662 nen
1388 3613 1442 3675 est,
1451 3609 1594 3679 judicavi.
1613 3634 1628 3660 o
1648 3613 1800 3669 Haemode

97 3697 255 3771 Apostolus
272 3697 425 3753 Timotheo
436 3697 576 3768 precipit,
594 3698 624 3751 in
639 3697 725 3768 cujus
738 3712 872 3769 persona,
890 3699 923 3752 ut
978 3693 1098 3748 veritate
1113 3699 1271 3766 comperta,
1284 3696 1320 3750 dc
1336 3695 1552 3753 cohabitatione
1568 3699 1727 3756 interdieta
1739 3717 1798 3757 cum

98 3786 201 3841 beatus
216 3787 272 3840 Leo
283 3784 499 3850 dicit,0mnium
508 3784 615 3840 Christi
624 3785 809 3840 sacerdotum
821 3800 922 3840 nume·
976 3779 1149 3835 mulieribus
1159 3781 1308 3837 convictus
1319 3783 1479 3855 presbyter,
1487 3784 1660 3858 legaliteret
1671 3788 1798 3862 regulari·

98 3889 149 3928 rus
172 3872 316 3937 eruditur,
332 3876 366 3927 ut
390 3873 537 3928 accusatio
560 3873 700 3928 adversus
719 3873 922 3945 presbyterum
975 3871 1020 3922 ter
1036 3868 1206 3923 sacerdotali
1225 3868 1255 3924 in
1273 3870 1338 3926 istis
1354 3870 1472 3928 Gallicis
1488 3873 1663 3945 regionibus
1678 3876 1798 3949 privatur

98 3976 156 4016 nan
173 3959 341 4032 recipiatur,
357 3958 413 4014 nisi
430 3959 485 4015 sab
500 3960 616 4016 duobus
629 3960 672 4016 vel
690 3960 786 4015 tribus
797 3959 922 4016 testibus
976 3956 1082 4021 allicio,
1098 3955 1317 4014 sicutZesimus
1327 3976 1402 4033 papa
1417 3961 1545 4018 decrevit
1562 3963 1668 4020 dicens
1678 3969 1764 4038 (epist.
1779 3981 1796 4030 r,

97 4050 122 4119 (1
136 4050 202 4104 Tim.
220 4065 247 4112 v,
262 4047 316 4119 19).
333 4048 368 4103 Et
382 4063 498 4102 sacrum
514 4047 663 4103 Nicaenum
680 4047 836 4103 concilium
849 4047 920 4119 (cara.
976 4045 1011 4100 ad
1025 4046 1136 4131 1166161.
1140 4051 1169 4114 );
1182 4070 1195 4096 (ι
1207 4046 1285 4103 Sciat
1296 4047 1430 4120 quisquis
1444 4048 1796 4123 hoo,pestp0sitaPatrun

98 4136 153 4210 11),
171 4135 350 4209 neophytum
379 4135 594 4209 episcopum,a
617 4136 732 4192 duobus
760 4136 804 4192 vel
827 4135 922 4193 tribus
975 4135 1275 4206 etapestolicaesedis
1300 4128 1796 4211 auctoritate‚neglcxerit,anobis

98 4225 224 4282 testibus
239 4226 461 4298 redargutum,a
471 4225 547 4281 clero
559 4224 704 4281 abstinere
714 4224 853 4297 praecipit.
865 4224 921 4281 Sed
975 4223 1138 4279 districtius
1152 4223 1370 4295 vindicandum,
1379 4230 1411 4280 ut
1424 4225 1480 4281 loei
1495 4227 1542 4281 sui
1557 4227 1684 4285 minime
1695 4230 1797 4286 dubitet

96 4315 167 4385 quia
180 4314 210 4370 iu
226 4313 349 4370 historia
372 4313 513 4369 Susanna
538 4313 612 4369 diros
637 4317 735 4378 testes,
753 4314 804 4385 qui
825 4313 921 4370 idonei
975 4310 1030 4367 sibi
1052 4329 1108 4368 nen
1132 4317 1266 4368 constare
1283 4313 1437 4384 rationem,
1455 4314 1480 4369 si
1495 4315 1551 4371 boe
1578 4322 1667 4388 putat
1682 4324 1748 4391 post
1761 4322 1796 4374 tet

97 4402 213 4474 populis
227 4402 410 4468 videbantur,
423 4406 452 4457 et
466 4402 494 4456 in
507 4401 631 4457 historia
654 4401 807 4472 Nabuthae,
820 4403 870 4458 sed
893 4408 921 4459 et
974 4400 1185 4473 prohibitiones
1211 4401 1331 4473 impune
1356 4419 1441 4474 passe
1469 4403 1587 4459 tentari.
1615 4406 1795 4464 Contumelia

96 4489 127 4543 in
143 4488 267 4545 historia
291 4489 437 4561 passionis
466 4489 578 4545 bomini
603 4490 676 4545 duos
700 4494 789 4546 testes
813 4489 920 4547 dixisse
936 4520 959 4585 D
975 4490 1162 4545 enimstudia
1178 4490 1219 4558 fit,
1231 4489 1375 4562 quidquid
1400 4490 1591 4548 interdictam
1612 4493 1703 4552 toties
1718 4512 1796 4553 usur·

7 4617 8 4620 ,
97 4575 414 4650 lalsamtestimonium
427 4575 697 4650 legimus,majeres
710 4576 922 4648 nostri,praeter
975 4582 1071 4651 patur.
1091 4601 1101 4627 a

97 4667 281 4721 accusatores
297 4665 327 4720 in
342 4665 528 4722 accusatione
543 4666 790 4738 presbyterorum,
806 4665 842 4721 de
861 4683 919 4722 au·
1008 4666 1076 4721 Car.
1092 4666 1164 4722 XVI.
1182 4666 1211 4723 Si
1222 4672 1320 4724 autem
1332 4666 1409 4724 mala
1430 4669 1508 4724 lama
1528 4686 1563 4726 ea
1581 4673 1645 4728 veri
1666 4670 1796 4729 similitu·

97 4768 176 4809 mere
191 4752 312 4809 testium
326 4753 498 4810 idoneorum
522 4754 724 4809 auctoritatem
748 4753 846 4826 legum
871 4771 919 4810 sc·
972 4753 1039 4810 dine
1054 4772 1106 4826 per
1120 4756 1273 4827 parochias
1289 4761 1405 4812 uestras
1430 4758 1465 4813 dc
1487 4759 1663 4832 presbytero
1687 4761 1753 4829 6611,
1773 4760 1796 4815 61

96 4842 243 4915 quendam
258 4840 422 4911 voluerunt,
432 4846 464 4898 ut
478 4848 591 4915 septem
607 4847 695 4898 testes
710 4842 806 4898 idonei
822 4843 918 4914 requi-

96 4934 209 5003 rantur,
218 4934 247 4987 et
257 4930 282 4986 si
293 4930 366 4987 rotie
382 4929 425 4987 vel
446 4948 535 4987 eausa
550 4931 686 5003 coegerit,
698 4931 917 5003 quatuordecim

94 5019 139 5077 vel
153 5019 257 5094 viginti
268 5024 297 5076 et
310 5011 389 5075 unas
404 5021 492 5076 testes
507 5023 685 5092 querantur,
699 5025 732 5076 ut
745 5019 850 5076 veritas
865 5038 918 5092 pa-

95 5109 203 5166 telaeta
217 5113 407 5166 monstretur.
416 5109 469 5175 Oai
485 5113 577 5165 testes
587 5104 628 5164 ad
639 5108 804 5181 exemplum
815 5109 919 5165 Danie-

93 5197 140 5269 lis,
148 5198 225 5254 siout
234 5204 263 5254 et
272 5198 352 5272 leges
368 5198 551 5271 praecipiunt,
561 5197 746 5254 examinandi
761 5201 920 5271 euntque-

94 5287 174 5343 niam
184 5286 249 5359 ipsa
256 5286 404 5360 propbeta
412 5287 588 5344 examinatio
594 5288 658 5358 jam
666 5287 844 5357 quibusdam
852 5292 920 5344 neta

93 5379 180 5442 66161
188 5392 265 5448 sepe
274 5375 384 5432 inventi
395 5380 465 5432 6661
475 5374 568 5449 pretio
578 5374 714 5431 conducti
725 5381 753 5432 et
759 5375 918 5449 conspirati

93 5463 130 5519 ad
145 5464 301 5521 dicendum
317 5465 515 5531 mendacium,
532 5469 563 5520 61
576 5480 653 5536 sape
668 5463 789 5536 quidam
810 5464 919 5523 invidia

93 5547 138 5625 sel
151 5549 216 5610 edio
233 5551 269 5609 ad
284 5552 487 5629 presbyterum
501 5552 701 5611 accusandum
712 5557 876 5630 emergant,
890 5558 919 5612 et

973 4848 1156 4899 accusatores
1166 4848 1253 4916 atque
1266 4849 1354 4902 testes
1367 4844 1474 4918 legales
1485 4863 1544 4902 non
1559 4864 1629 4906 esse
1641 4850 1795 4924 deprehen·

973 4932 1093 5000 duntur,
1104 4931 1147 4988 vel
1164 4933 1203 4990 rei
1221 4932 1359 4990 falsitatis
1384 4934 1794 5013 convincuntur,1egaliaera

973 5020 1147 5094 regulariter
1160 5021 1202 5078 eis
1224 5021 1366 5090 multatis,
1383 5039 1419 5079 ne
1444 5024 1635 5082 intirmorum
1661 5028 1752 5084 eorda
1767 5026 1794 5081 de

974 5110 1052 5165 mala
1067 5111 1145 5166 sama
1160 5111 1320 5183 presbyteri
1336 5111 1548 5184 percutiantur,
1562 5119 1591 5170 et
1607 5132 1644 5171 ne
1660 5116 1794 5189 vitupera·

974 5203 1023 5254 tur
1033 5199 1227 5255 ministerium
1237 5204 1485 5274 nostrum,neque
1500 5202 1669 5261 securiores
1686 5206 1793 5278 presby·

973 5287 1027 5343 teri
1042 5287 1198 5344 existentes
1213 5286 1349 5345 licentius
1370 5287 1400 5344 in
1414 5293 1568 5361 peccatum
1594 5291 1750 5363 labantur,
1762 5305 1795 5348 ee·

973 5377 1102 5432 eandam
1117 5377 1267 5432 decretum
1292 5378 1424 5452 Gregorii
1444 5379 1575 5451 Junioris
1591 5385 1687 5455 (epist.
1713 5377 1794 5451 1161

972 5465 1119 5539 bonifac),
1131 5467 1393 5538 estjusjurandum
1404 5468 1434 5524 in
1445 5467 1592 5538 mediant
1602 5471 1715 5531 habeat
1723 5468 1793 5529 mala

972 5555 1056 5614 samu
1065 5554 1217 5631 presbyter
1226 5556 1257 5614 in
1269 5561 1455 5615 sacramento
1465 5560 1657 5635 purgationis
1668 5580 1728 5622 sue
1737 5572 1793 5621 eam
