3810 6098
94 334 175 409 aare
413 401 421 414 ,
729 334 821 398 ure
843 333 983 399 senen
1005 333 1169 397 buaren.
1723 333 1801 399 uu

93 467 208 527 sionem
223 483 309 524 suam
324 464 466 524 Dominus
481 469 581 524 noster
589 467 677 524 lesus
689 467 821 525 Christus
837 467 922 525 nobis
936 468 964 537 Α
977 467 1121 525 deductus
1136 483 1152 523 e
1166 465 1248 534 eoele,
1261 483 1312 523 nee
1325 468 1487 525 secundnm
1503 485 1621 527 carnem
1634 473 1752 527 creatus
1765 485 1801 527 ex

93 557 193 632 pelam
209 557 246 612 de
261 555 345 612 Patre
359 555 548 612 annuntiabit
563 572 570 611 ε
587 557 657 628 quia
679 573 730 629 per
747 559 922 630 patefactam
976 556 1228 613 nihilollamdem
1249 555 1364 630 generis
1384 557 1413 612 in
1423 557 1510 614 Verbi
1530 559 1681 616 divinitate
1701 574 1800 633 perse·

93 651 166 705 tunc
180 645 346 718 maiestatis
363 662 422 701 sue
444 647 581 718 speeiem,
598 650 626 702 et
641 647 787 718 quomode
803 647 865 718 ipse
879 646 923 719 gi-
977 663 1056 712 uam,
1069 648 1098 702 et
1108 651 1210 702 tenens
1221 661 1407 701 communem
1419 647 1503 703 nobis
1516 647 1546 703 in
1558 648 1800 721 cerporeanime·

94 735 197 810 guenti
212 752 271 791 non
288 735 385 807 impar
408 733 529 801 oriatur,
545 739 574 791 et
596 735 743 807 quomodo
769 736 923 808 utriusque
977 751 1034 807 qne
1045 734 1262 790 naturamNen
1274 733 1353 790 enirn
1365 739 1443 791 esset
1457 736 1505 791 Dei
1519 735 1803 809 bominumqueme·

94 823 224 907 Spiritus
234 822 810 896 utriqueceaeternisprocedat,ostendet.
819 827 924 897 Aperte
978 823 1081 891 diater,
1092 823 1149 879 nisi
1160 823 1238 879 idem
1251 823 1338 892 Deus,
1352 822 1490 896 idemque
1500 823 1587 880 hemo
1598 825 1628 880 in
1639 830 1762 898 utroque
1772 829 1802 882 et

94 928 225 986 nemque
233 917 304 969 tune
311 912 477 970 videbimus
486 915 633 986 quemodo
644 912 794 986 bec‚quud
803 914 923 970 oriende
977 930 1056 969 uuus
1071 917 1148 969 esset
1162 917 1190 968 et
1203 928 1299 968 verus.
1308 914 1401 978 Quam
1415 911 1550 969 servilem
1565 913 1698 981 termam,
1711 913 1801 972 aeolo

94 1003 184 1076 est,ei
198 1003 234 1059 de
245 1020 303 1076 qno
318 1002 423 1070 oritur,
434 1005 618 1076 subsequens
628 1019 685 1059 non
702 1008 746 1059 est
757 1021 764 1060 ε
776 1004 923 1076 quomode
978 1001 1051 1060 Filio
1061 1002 1111 1059 Dei
1123 1005 1301 1074 susceptam,
1315 1003 1376 1057 teta
1385 1007 1487 1059 sancta
1497 1002 1636 1070 Trinitas,
1647 1003 1732 1074 cujus
1743 1020 1803 1061 una

95 1090 197 1165 ia,qui
212 1091 399 1165 processione
413 1093 594 1165 producitur,
605 1110 623 1148 a
636 1093 851 1166 proterentibus
865 1109 923 1149 nan
978 1095 1023 1148 est
1036 1090 1172 1147 veluntas
1190 1096 1218 1146 et
1233 1090 1371 1164 operatio,
1383 1089 1412 1145 in
1430 1095 1512 1148 utero
1527 1089 1661 1165 gloriose
1676 1108 1709 1148 ae
1724 1109 1803 1149 sem·

95 1180 227 1256 praeitur.
249 1181 356 1254 Aperte
379 1185 450 1236 tnnc
473 1180 637 1237 videbimus
660 1181 816 1254 quomedo
831 1199 930 1239 unum·
977 1197 1029 1254 per
1038 1179 1168 1253 Virginis
1187 1179 1285 1236 Maria
1304 1179 1382 1250 lecit,
1394 1179 1471 1236 sieut
1490 1179 1696 1253 evangelizavit
1714 1179 1803 1237 einr·

96 1269 315 1327 indivisibiliter
325 1268 381 1325 tria
394 1273 510 1335 suntet
519 1269 737 1327 indivisibiliter
750 1271 807 1327 tria
819 1289 922 1328 unum.
978 1269 1139 1342 changelus
1151 1286 1157 1324 :
1169 1269 1289 1341 Spiritus
1299 1278 1419 1337 sanetus,
1431 1267 1579 1342 inquiens,
1592 1273 1763 1342 superveniet
1773 1271 1803 1326 iu

95 1359 257 1414 Credamus
272 1357 362 1432 igitur
376 1364 405 1413 et
420 1358 611 1413 confiteamur
621 1364 753 1415 sanctam
769 1364 798 1414 et
812 1360 926 1433 insepa·
978 1368 1013 1427 tc,
1028 1368 1053 1416 ct
1067 1361 1155 1415 virtus
1170 1359 1306 1414 ditissimi
1328 1358 1501 1414 obrumbabit
1522 1358 1583 1414 tibi.
1600 1357 1712 1430 Ideoque
1732 1359 1804 1432 qued

95 1444 221 1504 rabilem
235 1445 420 1514 Trinitatem,
432 1446 557 1514 Patrem,
568 1450 598 1502 et
615 1447 722 1504 Filium
737 1452 768 1505 et
782 1448 924 1522 Spiritum
977 1457 1105 1505 ausoetatr
1119 1463 1153 1504 cu
1167 1456 1192 1505 te
1206 1447 1345 1513 Sanctum,
1361 1447 1500 1504 uocabitur
1514 1447 1602 1503 Filius
1616 1448 1666 1503 Dei
1677 1451 1754 1516 (Luc.
1769 1450 1802 1517 ι).
1876 1473 1882 1485 ·

95 1540 244 1601 sanetum,
261 1540 434 1592 basternam
459 1538 489 1592 et
511 1536 792 1594 consubstantialem
814 1554 849 1594 ae
873 1554 924 1596 ee-
979 1540 1046 1605 Oua
1062 1541 1123 1593 tota
1137 1540 1239 1594 saneta
1254 1535 1393 1603 Trinitas,
1404 1534 1514 1592 seilicet
1528 1536 1605 1592 Deus
1621 1536 1716 1599 Pater,
1727 1553 1803 1592 nun*

95 1622 240 1697 aequalem
256 1622 375 1680 sibimet
394 1639 469 1692 esse,
486 1624 576 1680 unius
590 1624 762 1696 divinitatis,
779 1627 922 1695 essentie,
978 1625 1133 1700 eupatione
1154 1624 1298 1683 Altissimi
1325 1625 1511 1700 designatum
1526 1629 1556 1682 et
1579 1625 1644 1697 ejus
1666 1625 1759 1682 virtus
1775 1629 1804 1682 et

95 1711 326 1785 omnipotentia,
343 1711 452 1785 glorie,
469 1713 694 1785 magnitudinis,
717 1716 881 1788 majestatis
896 1719 925 1772 cl
978 1714 1131 1789 sapientia,
1158 1731 1223 1788 que
1252 1714 1405 1772 aedificavit
1428 1713 1486 1771 sibi
1508 1715 1802 1787 domum(Pren.1x),

96 1800 242 1875 quidquid
255 1801 293 1856 ad
305 1817 346 1868 se,
359 1801 389 1856 id
401 1804 456 1869 est,
466 1802 701 1860 substantialiter
715 1803 823 1859 dieitur
834 1822 841 1860 ε
854 1805 925 1861 rela-
978 1805 1148 1879 unigenitus
1162 1804 1295 1862 videlicet
1309 1804 1401 1862 Filius
1420 1804 1482 1876 ipse
1500 1807 1603 1861 auctor
1617 1802 1723 1877 operis,
1740 1802 1805 1875 ipse

95 1890 156 1947 tire
170 1894 270 1947 autem
285 1893 344 1946 tres
363 1906 504 1964 personas
521 1890 634 1948 Patrem
649 1896 678 1948 et
695 1892 798 1949 Filium
814 1899 843 1951 et
859 1893 924 1967 Spi·
978 1910 1052 1968 opus
1067 1894 1206 1962 auctoris,
1223 1897 1395 1967 cooperante
1416 1891 1527 1966 Spiritu
1547 1895 1658 1960 sancto,
1669 1891 1804 1964 ejusdem

97 1978 189 2036 ritum
198 1981 379 2046 sanetum,et
388 1979 466 2051 qued
478 1979 684 2052 inseparabilis
695 1987 805 2038 natura
814 1982 922 2053 unitas,
978 1982 1136 2040 Salvateris
1152 1982 1245 2040 nostri
1260 1981 1486 2050 humanitatem,
1497 1996 1603 2054 corpas
1617 1981 1758 2038 nimirum
1774 1984 1804 2037 et

96 2085 156 2124 non
172 2066 266 2140 pessit
276 2068 455 2141 separabiles
469 2069 577 2126 habere
590 2087 740 2143 personas.
753 2073 835 2139 Quod
850 2073 923 2130 etin
978 2073 1118 2141 animam,
1132 2072 1263 2130 condidit
1277 2071 1308 2128 iu
1322 2072 1484 2129 visceribus
1498 2070 1637 2145 Virginis,
1649 2087 1713 2143 que
1729 2071 1806 2127 lacta

96 2155 154 2213 hoe
168 2155 343 2224 ostenditur,
355 2173 495 2229 personas
511 2175 568 2214 nen
583 2175 671 2231 pesse
681 2159 769 2216 diuidi
786 2161 815 2217 in
828 2162 924 2220 Trini·
978 2165 1024 2217 est
1038 2159 1144 2217 ancilla
1158 2160 1288 2218 hominis
1301 2177 1353 2234 per
1364 2159 1558 2228 divinitatem,
1569 2162 1599 2216 et
1613 2162 1709 2215 mater
1716 2157 1806 2215 Verbi

97 2249 168 2313 lata,
184 2243 254 2317 qnia
273 2245 433 2317 cujuslibet
456 2263 586 2318 persona
611 2265 728 2317 nemen,
746 2267 861 2322 semper
887 2251 924 2306 ad
978 2266 1031 2322 per
1045 2266 1173 2306 earnem.
1191 2249 1254 2305 Non
1283 2253 1382 2305 sutem
1412 2248 1495 2322 prius
1516 2248 1545 2304 in
1571 2251 1653 2304 utere
1676 2245 1807 2320 Virginis

96 2333 222 2391 alteram
235 2332 355 2406 respicit
367 2350 532 2406 personam.
545 2335 575 2393 Si
591 2335 705 2393 Patrem
721 2338 805 2406 dicis,
818 2338 924 2396 Filium
979 2354 1045 2395 earo
1066 2341 1207 2411 concepta
1229 2341 1285 2406 est,
1302 2343 1330 2394 et
1352 2337 1541 2409 postmodum
1565 2335 1705 2393 divinitas
1727 2334 1806 2392 venit

96 2421 240 2479 ostendis.
257 2422 287 2479 Si
306 2421 410 2478 Filium
434 2423 580 2492 nominas,
597 2425 876 2500 Patrempredicas.
894 2427 924 2484 Si
979 2427 1009 2482 in
1033 2444 1162 2493 carnem,
1179 2427 1230 2484 sed
1259 2444 1327 2483 mox
1351 2426 1480 2483 Verbum
1510 2425 1589 2483 venit
1616 2425 1646 2481 in
1675 2428 1805 2497 uterum,-

97 2510 240 2584 Spiritum
256 2516 391 2567 sanctum
408 2512 549 2585 appellas,
565 2513 659 2570 Patris
673 2521 702 2570 et
713 2515 776 2571 Filii
788 2533 853 2574 esse
864 2516 926 2589 Spi·
979 2534 1046 2574 mox
1060 2515 1188 2573 Verbum
1209 2521 1322 2573 servata
1345 2517 1468 2589 propria
1491 2514 1611 2572 veritate
1634 2518 1745 2571 nature
1760 2514 1805 2570 ia·

97 2599 189 2656 ritum
204 2616 323 2656 neeesse
338 2605 383 2656 est
398 2600 557 2674 intelligas.
573 2603 608 2658 ut
629 2603 684 2660 boc
698 2605 871 2676 regulariter
886 2605 926 2662 sit
979 2610 1059 2661 etum
1075 2608 1119 2661 cst
1143 2622 1221 2661 caro.
1238 2606 1273 2660 ut
1295 2605 1442 2677 perlectus
1457 2604 1556 2674 hemo,
1572 2603 1602 2661 id
1624 2608 1669 2660 est
1684 2603 1714 2660 in
1728 2602 1806 2660 veri·

98 2689 351 2762 macedumqued
362 2688 462 2746 emnia
472 2695 584 2747 nature
595 2692 923 2761 nominaveleseentie,
980 2698 1038 2749 tate
1053 2693 1150 2749 cernis
1164 2698 1194 2749 et
1214 2694 1319 2749 anima
1339 2692 1501 2756 rationalis,
1518 2699 1605 2748 natus
1620 2695 1665 2748 est
1680 2708 1732 2764 per
1746 2696 1806 2748 ute·

97 2777 217 2834 nontin
226 2795 286 2834 nne
296 2794 420 2851 persona
430 2778 629 2852 singulariter,
637 2779 679 2836 sic
690 2781 778 2837 etiam
788 2781 818 2837 in
829 2782 926 2839 tribus
979 2799 1056 2838 rum.
1068 2780 1198 2855 Virginis
1214 2782 1304 2838 Filius
1319 2780 1380 2847 Dei,
1392 2784 1500 2838 unctus
1514 2780 1577 2836 oleo
1591 2779 1706 2848 letitia,
1719 2778 1748 2834 id
1760 2782 1805 2835 est

98 2882 217 2939 semper
231 2864 374 2939 singulari
399 2884 521 2923 numero
536 2867 575 2923 sit
599 2868 766 2938 dicendum,
780 2875 808 2927 et
822 2870 852 2926 in
867 2870 926 2929 Dee
979 2875 1008 2928 et
1023 2872 1099 2928 dono
1114 2870 1236 2944 spiritns
1252 2869 1357 2938 sancti,
1368 2886 1427 2942 pre
1441 2867 1627 2926 consortibus
1641 2868 1705 2925 suis
1715 2869 1803 2937 (Prot.

99 2953 175 3011 nibil
185 2956 346 3013 secundum
359 2956 493 3012 accidens
504 2955 543 3012 eit
554 2955 801 3031 dicendum,quia
811 2958 884 3016 nibil
895 2959 926 3015 in
980 2962 1065 3034 suiv),
1078 2960 1190 3017 scilicet
1204 2976 1261 3033 pra
1276 2957 1387 3015 ceteris
1402 2956 1582 3015 bominibus.
1594 2957 1652 3013 Nos
1662 2954 1745 3029 prius
1756 2955 1805 3013 be·

98 3060 133 3100 eo
145 3044 289 3102 mutabile
298 3049 352 3101 ost.
362 3045 503 3118 thnalis
518 3063 551 3102 ac
562 3051 691 3119 quantus
702 3048 742 3104 ait
751 3049 845 3122 Pater,
858 3049 927 3106 talis
981 3048 1077 3106 mines
1090 3051 1257 3122 peccateres
1271 3046 1427 3114 ellicimur,
1438 3050 1467 3102 et
1480 3045 1669 3117 postmodum
1682 3059 1735 3117 per
1749 3061 1804 3100 nn-

99 3137 251 3192 aetantes
265 3132 304 3190 sit
319 3132 421 3203 Filius,
433 3133 501 3190 talis
511 3151 544 3190 ae
559 3139 661 3192 tantas
671 3135 710 3193 sit
721 3137 927 3211 Spiritussan·
982 3137 1108 3194 ctionem
1123 3137 1217 3194 sancti
1233 3135 1364 3211 Spiritus
1375 3134 1613 3192 sanctificamur:
1628 3133 1691 3207 lpse
1705 3138 1805 3191 eutem

99 3226 166 3279 etus
177 3238 184 3277 :
197 3238 251 3278 nee
265 3220 385 3294 aliquod
400 3223 497 3294 majus
520 3222 570 3291 sit,
581 3229 641 3281 tres
656 3223 745 3282 simul
761 3226 844 3282 dicta
858 3244 926 3300 per·
941 3209 964 3277 G
981 3227 1110 3284 existens
1124 3227 1202 3284 Deus
1216 3229 1283 3283 ante
1298 3223 1415 3290 secula,
1428 3241 1480 3297 per
1497 3222 1639 3297 Spiritum
1655 3226 1804 3291 sanctum,

100 3328 190 3378 sone,
201 3327 291 3384 quam
306 3310 430 3384 singule
445 3328 562 3385 quoquc
577 3330 707 3386 persona
720 3331 727 3371 :
739 3314 810 3388 quia
825 3316 927 3373 endem
981 3315 1011 3372 in
1022 3320 1105 3373 utero
1116 3314 1245 3390 Virginis
1257 3314 1344 3373 home
1355 3317 1513 3387 conceptus
1524 3316 1568 3370 est
1579 3312 1608 3368 in
1619 3312 1678 3369 sine
1688 3310 1807 3369 saculo-

99 3399 273 3474 magnitudo
287 3405 332 3456 est
346 3400 377 3455 in
392 3417 570 3474 unaquaque
590 3418 715 3475 persona
735 3404 825 3461 mmet
838 3404 927 3476 dicta,
982 3404 1109 3462 rum.lbi
1118 3405 1155 3461 ab
1165 3405 1266 3461 eodem
1276 3402 1387 3476 Spiritu
1395 3407 1503 3460 unctus
1511 3406 1566 3469 est,
1574 3400 1624 3458 nbi
1635 3404 1804 3474 conceptus,

99 3506 163 3563 que
178 3494 224 3546 est
237 3487 267 3546 in
282 3488 377 3545 tribus
394 3490 527 3561 personis
544 3490 632 3547 simul
649 3492 818 3550 nominatis.
982 3510 1035 3550 nee
1050 3497 1117 3550 ante
1132 3498 1289 3566 conceptus
1304 3496 1333 3550 et
1346 3493 1536 3566 postmodum
1551 3494 1659 3548 unctus
1673 3493 1737 3547 este
1754 3488 1806 3546 sed

133 3576 205 3634 XIX.
217 3576 281 3635 Una
291 3594 359 3634 vero
373 3580 490 3634 tantum
506 3595 541 3635 ex
554 3579 656 3636 endem
672 3585 775 3637 sancta
785 3580 926 3638 Trinitate
981 3582 1035 3640 hoc
1046 3582 1143 3656 ipsum
1155 3582 1190 3638 de
1200 3581 1311 3655 Spiritu
1326 3585 1427 3638 saneto
1438 3584 1466 3637 et
1476 3597 1563 3637 carne
1573 3578 1703 3654 Virginis
1712 3577 1807 3636 conei-

99 3664 310 3741 personal'ilii,
319 3684 371 3739 per
380 3683 468 3739 quem
479 3668 665 3725 omnialaeta
675 3672 927 3744 sunt,operatiens
981 3672 1022 3745 pi,
1034 3690 1049 3729 a
1060 3671 1169 3746 Spiritu
1182 3676 1284 3728 sancto
1294 3669 1365 3744 ungi
1376 3669 1451 3727 iecit.
1464 3669 1496 3726 ln
1508 3686 1566 3742 quo
1578 3667 1755 3741 complacuit
1765 3668 1806 3722 in-

99 3755 227 3829 Spiritus
243 3755 337 3812 sancti
350 3774 385 3812 ex
399 3755 589 3814 immaculata
599 3775 686 3815 carne
701 3766 845 3833 perpetua
860 3761 927 3818 Vir·
981 3761 1123 3828 habitare,
1136 3776 1253 3817 omnem
1269 3758 1480 3833 plenitudinem
1493 3757 1654 3814 divinitatis
1667 3773 1806 3830 corpora·

99 3844 179 3918 ginis
195 3845 291 3901 Maria
308 3848 412 3901 nostre
427 3845 525 3902 earnis
539 3847 750 3916 substantiam,
764 3850 926 3907 animatam
981 3850 1049 3907 liter
1062 3851 1131 3920 (Col.
1143 3852 1187 3922 υ),
1199 3850 1228 3906 id
1252 3853 1297 3906 cst
1320 3845 1572 3905 substantialiter:
1588 3847 1660 3920 quia
1677 3844 1805 3902 Verbum

100 3937 330 3991 nostre-natura
340 3933 439 3990 anima
449 3933 585 3991 rationali
596 3940 624 3992 et
635 3936 874 4007 intellectuali,de
885 3941 928 3995 in·
981 3956 1033 4012 per
1042 3938 1286 4012 omnipotentiam
1297 3935 1489 4005 suam,voluit
1498 3936 1578 3992 bunc
1588 3935 1748 4008 perlectum
1757 3934 1807 3991 ho·

99 4020 368 4094 comprehensibili,
377 4021 651 4080 nebisvirtntissuae
660 4029 857 4097 opere,t0tum
873 4029 928 4084 sci·
981 4026 1092 4084 minem
1102 4043 1191 4099 quem
1206 4024 1379 4097 assumpsit,
1388 4024 1444 4082 boe
1453 4024 1515 4081 fieri
1527 4040 1561 4080 ex
1575 4029 1715 4095 tempore,
1727 4023 1806 4095 quod

99 4108 169 4167 licet
177 4109 380 4185 bomipem,ut
388 4115 483 4168 totum
491 4111 617 4169 salvaret
627 4111 926 4189 hominem,assump·
981 4115 1044 4189 ipse
1059 4131 1174 4188 semper
1186 4113 1242 4170 fuit
1255 4113 1318 4170 sine
1333 4118 1474 4185 tempere,
1484 4112 1514 4168 id
1528 4116 1584 4176 est,
1596 4109 1747 4182 proprium
1764 4109 1807 4164 l'i·

99 4197 140 4256 sit
149 4198 301 4256 inanitate
309 4216 440 4272 personae
448 4199 609 4258 divinitatis
619 4203 926 4262 ena.Nativitasenim
981 4205 1054 4262 lium
1070 4202 1140 4260 Dei?
1155 4208 1187 4259 ut
1202 4219 1260 4258 non
1275 4201 1390 4274 possint
1404 4200 1462 4257 dici
1482 4200 1541 4256 due
1566 4197 1631 4255 Filii
1656 4196 1716 4265 Dei,
1728 4195 1805 4253 alius

98 4287 391 4345 Dominisecundum
399 4291 927 4367 carnem,quamvisbnbeatquedam
981 4297 1050 4350 ente
1059 4287 1449 4364 temperagenitus,etnlius
1464 4288 1559 4344 lectus
1569 4303 1604 4343 ex
1617 4289 1806 4357 temperans

99 4376 345 4450 propria,qnibns
355 4377 492 4434 bumana
500 4379 677 4438 conditionis
687 4379 771 4439 initia
781 4387 928 4440 transcen·
982 4382 1163 4457 quaternitas
1173 4379 1264 4454 (quod
1275 4379 1373 4448 absit),
1386 4393 1438 4451 pro
1453 4374 1653 4432 incarnatione
1667 4373 1761 4446 ipsius
1774 4372 1805 4429 iu

99 4461 153 4530 dit,
165 4463 226 4520 sive
236 4465 314 4538 quod
325 4465 407 4522 selus
422 4466 459 4523 ab
475 4465 614 4524 inviolata
622 4468 740 4543 Virgine
750 4470 814 4527 sine
824 4488 928 4529 coneu-
981 4476 1083 4530 sancta
1093 4470 1237 4528 Trinitate
1251 4469 1366 4526 dicatur
1378 4483 1384 4522 :
1397 4464 1537 4538 quoniam
1548 4464 1636 4532 Dens,
1647 4461 1698 4520 Dei
1714 4461 1806 4520 Vilius

98 4551 247 4626 piscantia
261 4558 475 4628 esteonceptus
494 4560 523 4613 et
537 4561 634 4624 natus,
646 4557 706 4616 sire
720 4560 798 4632 qnod
813 4560 871 4617 ista
882 4562 925 4617 vi·
942 4563 1142 4644 phumanam
1156 4557 1319 4632 assumpsit
1343 4561 1490 4625 naturam,
1508 4570 1569 4610 nen*
1593 4568 1750 4627 personam
1773 4551 1805 4609 in

99 4641 234 4699 secribus
247 4643 352 4701 matris
364 4648 410 4701 est
423 4643 532 4713 editus,
546 4650 579 4701 ut
591 4645 755 4705 fecunditas
770 4656 884 4721 pareret
897 4655 927 4708 et
981 4657 1118 4709 aternam
1133 4647 1298 4720 suscipiens
1312 4660 1467 4719 personam
1478 4642 1650 4712 divinitatis,
1661 4646 1805 4718 tempora·

97 4729 254 4805 virginitas
268 4737 455 4805 permaneret
466 4749 473 4789 :
486 4751 544 4793 nen
566 4734 688 4792 alterius
703 4740 801 4795 tamen
816 4745 927 4797 natura
980 4739 1039 4797 lem
1057 4737 1252 4796 humanitatis
1275 4734 1483 4794 substantiam.
1499 4733 1592 4791 Homo
1615 4733 1751 4790 transivit
1774 4731 1805 4787 in

98 4824 163 4878 eret
177 4819 242 4892 ejus
257 4834 335 4887 earo,
346 4838 437 4894 quam
451 4827 553 4879 nostre
565 4827 620 4891 est,
631 4841 685 4881 nec
699 4824 758 4882 alie
772 4826 825 4896 illi,
836 4845 926 4900 quam
981 4830 1085 4901 Deum,
1096 4845 1154 4884 non
1170 4826 1357 4884 vertibilitate
1371 4829 1492 4893 nature,
1505 4825 1556 4881 sed
1571 4827 1689 4898 propter
1701 4820 1805 4877 divina

98 4908 215 4967 ceteris
227 4909 409 4978 hominibus,
424 4912 525 4968 anima
545 4918 591 4968 est
613 4912 757 4985 inspirata
771 4915 926 4990 principio,
981 4918 1125 4975 unitatem
1149 4933 1289 4990 persona.
1301 4915 1375 4972 Nam
1395 4914 1473 4971 sicut
1493 4913 1525 4970 ia
1541 4917 1642 4970 sancte
1662 4909 1805 4968 Trinitate

98 5015 165 5072 que
189 4998 352 5067 excelleret,
365 5017 422 5056 non
438 4999 604 5058 diversitate
625 5002 813 5076 generis,scd
838 5006 928 5063 subli·
980 5007 1092 5065 aliaest
1103 5003 1406 5079 persouaPutris,alia
1416 4996 1802 5074 Filii,alisSpiritussancti,

100 5087 203 5149 minu
216 5087 347 5145 rimatis.
363 5088 442 5145 Nihil
457 5089 647 5147 animcarnis
662 5108 722 5148 sue
737 5093 864 5153 babebat
878 5097 928 5152 sd·
980 5098 1031 5154 sed
1047 5113 1104 5153 non
1121 5094 1201 5152 aliud
1212 5099 1257 5151 est
1272 5093 1454 5164 Pater,alind
1471 5091 1570 5157 Filius,
1581 5086 1661 5145 aliud
1677 5084 1805 5158 Spiritus

98 5193 292 5248 versum,nec
304 5178 451 5236 discordia
464 5179 677 5237 desideriorum
692 5180 831 5256 gignebat
847 5200 926 5242 com·
981 5189 1102 5243 sanctus
1114 5202 1120 5240 :
1133 5185 1173 5241 ita
1184 5185 1214 5240 in
1225 5183 1276 5240 Dei
1290 5183 1362 5241 Filio
1376 5181 1500 5241 Domino
1514 5175 1693 5235 nestmlesu
1704 5172 1804 5230 Chris·

98 5265 296 5340 pugnantiam
310 5267 506 5325 voluntatum.
521 5268 632 5326 Sensus
646 5271 777 5344 corporei
791 5271 928 5347 vigebant
980 5279 1020 5345 to,
1033 5272 1113 5331 alind
1131 5278 1177 5330 eat
1195 5273 1343 5343 divinitas,
1360 5271 1439 5328 alind
1461 5267 1570 5336 anime,
1586 5263 1666 5321 alind
1679 5276 1802 5335 corpus;

98 5355 165 5414 sine
179 5353 243 5428 lege
256 5356 378 5428 peccati,
391 5362 420 5413 et
432 5357 540 5414 ueritas
555 5359 741 5416 allectionem
756 5363 812 5419 sub
824 5363 926 5420 mede·
981 5365 1032 5420 sed
1048 5381 1106 5420 non
1116 5361 1228 5420 aliaest
1239 5378 1362 5436 persona
1372 5354 1579 5420 divinitatis,et
1593 5350 1651 5407 alia
1666 5347 1803 5406 humani·

99 5443 216 5501 ramiue
230 5444 352 5503 Deitatis
375 5450 406 5502 et
430 5447 547 5518 mentis,
564 5464 616 5504 noo
639 5449 808 5506 tenebatur
830 5451 930 5510 illece·
981 5453 1118 5521 tatis,sed
1130 5453 1366 5521 una,eademque
1377 5444 1586 5521 personaldee
1599 5439 1803 5497 nonsuntduo

100 5532 174 5599 bris,
187 5549 240 5604 nee
253 5534 375 5591 cedebat
394 5534 719 5607 injuriis.Vernehomo
739 5556 806 5596 vere
827 5542 928 5601 unitus
982 5541 1099 5610 Christi,
1111 5559 1165 5599 uec
1187 5543 1245 5599 due
1260 5538 1334 5606 Titii,
1348 5536 1399 5594 sed
1423 5551 1500 5592 nnus
1515 5531 1659 5599 Christus,
1675 5535 1704 5587 et
1726 5544 1804 5586 unus

101 5620 294 5690 estDee,sed
318 5624 481 5680 secundum
496 5623 667 5683 existentem
691 5626 774 5698 prius
797 5629 928 5689 enimam
983 5633 1084 5706 Filius,
1101 5632 1178 5689 Dens
1201 5635 1231 5687 et
1254 5628 1352 5694 bomo,
1364 5626 1450 5698 jnats
1472 5620 1692 5696 evaugelietem,
1705 5619 1804 5694 piceus
