3824 6096
108 304 164 365 tri
571 301 765 372 attentat
786 302 1010 371 ananiensis
1033 303 1343 376 aacbtahsuett.

100 435 208 503 aiebat,
218 432 266 508 qni
278 433 421 508 quosdam
433 451 466 493 ex
477 434 579 493 Judaea
589 440 618 492 ot
629 435 737 493 multos
747 437 929 510 exgentibus
945 437 967 506 tt
986 438 1075 496 totius
1091 439 1192 497 mnndi
1208 456 1272 497 osse
1297 437 1515 496 celebrandum.
1529 461 1544 489 r
1558 437 1634 512 btpt

103 524 215 582 salvare
229 525 373 582 veniebat.
387 548 401 575 »
412 527 447 580 m
462 526 490 581 in
507 525 648 599 vigesimo
664 526 739 583 libro
755 525 930 583 Moralium:
986 549 1000 576 α
1013 526 1151 584 Consulto
1165 528 1210 585 vel
1225 545 1307 601 aquae
1327 528 1418 599 baiuli
1434 527 1477 585 val
1492 526 1605 585 domini
1618 527 1634 585 d

106 636 120 664 e
137 613 317 685 Redemptor
326 629 433 685 cerpus
449 614 578 687 passioni
590 613 708 685 obtulit,
718 616 796 687 quod
812 630 864 687 pro
878 614 933 671 ele·
986 616 1183 688 pretermissa
1191 617 1343 683 vocabula,
1354 621 1386 672 ut
1396 615 1534 673 omnibus
1544 614 1634 675 Pascb

104 701 159 759 ctis
175 704 406 774 assumpserat.»
421 703 499 761 408·
513 704 548 760 tat
563 703 630 760 item
648 720 682 759 2«
699 703 867 776 Interpellat
878 722 931 777 pro
984 703 1222 772 volentibus,hoc
1235 710 1278 762 est
1288 704 1395 761 Christi
1409 706 1603 763 sacramentis
1614 704 1634 763 it

102 791 187 848 nobis
197 791 350 859 Dominus,
360 807 418 847 non
428 808 496 848 voce
507 793 558 848 sed
573 791 842 866 miseratione,quia
852 795 932 865 quod-
985 797 1065 850 stum
1080 812 1140 851 suut
1155 795 1263 851 montis
1285 794 1413 868 hospitio
1435 793 1584 867 suscipere
1598 810 1634 869 qa

102 880 237 937 damnari
252 880 282 937 in
294 874 394 936 electis
407 879 511 947 noluit,
521 880 878 954 suscipiendoliberavits
895 886 931 940 nt
984 883 1108 940 saunitas
1123 885 1221 940 danda
1236 884 1377 957 signetur.
1390 906 1404 936 a

104 971 181 1026 idem
197 970 227 1026 in
243 970 317 1026 libro
332 970 473 1041 vigesimo
489 975 592 1044 quiarto
608 971 763 1029 Moralium
777 978 846 1047 (cap.
865 976 927 1042 tn:
1020 972 1067 1027 Sin
1082 976 1110 1028 ot
1124 973 1315 1029 Cassiodorus
1335 971 1477 1033 intellexit
1495 971 1634 1029 ostenuit

101 1083 116 1110 «
133 1059 206 1128 Quia
228 1060 318 1133 igitur
341 1060 484 1116 Dominus
498 1077 564 1117 vera
589 1065 686 1129 natue,
702 1078 768 1119 vera
783 1067 927 1132 mortuns,
983 1060 1097 1132 psalmo
1111 1077 1240 1118 exciam
1257 1061 1375 1118 bonitate
1399 1063 1475 1119 400
1499 1078 1563 1118 enin
1587 1063 1618 1117 tis

101 1166 168 1206 vere
183 1149 387 1216 resuscitatus,
402 1149 432 1204 in
448 1149 585 1205 omnihus
600 1153 698 1207 tamen
713 1151 803 1209 distat
817 1151 929 1208 anobis
983 1151 1093 1206 virtutis
1106 1152 1175 1223 ejtts.
1189 1150 1326 1206 Pirmitas
1334 1150 1452 1205 virtutis
1465 1151 1528 1222 ejas
1539 1153 1594 1218 est,
1606 1166 1634 1223 qt

102 1238 306 1312 magnitudine
321 1238 467 1312 potentia,
478 1239 529 1295 sed
543 1238 605 1295 sola
615 1240 771 1297 concordat
785 1240 870 1298 nobis
884 1257 928 1298 ve·
983 1255 1034 1312 pro
1045 1240 1178 1296 omnium
1195 1240 1289 1295 salute
1305 1238 1480 1312 suscipiens,
1493 1236 1634 1297 maetenni

102 1328 188 1384 ritate
203 1330 325 1395 naturae,
339 1328 412 1383 bene
427 1327 546 1396 dicitur,
558 1328 628 1400 quia
642 1345 695 1401 pro
710 1328 796 1386 nobis
810 1329 929 1391 istean-
982 1328 1291 1402 anctorenequissimo
1300 1326 1436 1402 potentia
1446 1327 1634 1385 sunrirtutet

101 1416 186 1489 gelus
209 1432 297 1473 unam
318 1416 351 1472 de
373 1417 515 1473 tinnitibus
540 1415 856 1490 loquiturttotxxxra
869 1419 932 1490 23),
982 1417 1017 1472 ttt
1030 1415 1059 1472 in
1075 1416 1188 1490 psalmo
1204 1434 1276 1474 crau
1294 1435 1300 1473 :
1315 1440 1330 1469 a
1347 1418 1438 1474 Nemo
1461 1420 1559 1474 autem
1580 1432 1634 1491 req*

102 1505 175 1562 Cum
191 1506 267 1563 enim
285 1506 314 1562 in
331 1505 445 1562 cunctis
465 1505 684 1578 operationibus
699 1506 763 1564 suis
780 1505 928 1565 immensa
982 1522 1061 1561 mam
1076 1507 1233 1578 ejusdum
1244 1505 1270 1562 ei
1286 1505 1369 1562 nulla
1383 1504 1544 1563 consolatio
1558 1506 1634 1580 prteh

103 1612 156 1653 nos
165 1595 273 1652 virtute
284 1595 483 1664 transcendat,
496 1594 526 1650 in
541 1611 600 1651 uno
610 1599 709 1652 tamen
720 1596 833 1662 anobis
843 1596 871 1651 id
883 1600 928 1660 est
982 1594 1063 1651 solus
1071 1596 1107 1650 ad
1118 1595 1284 1668 passionem
1294 1594 1413 1652 relictus
1423 1595 1532 1669 estqui
1540 1599 1634 1671 eretp·

102 1684 132 1740 in
143 1685 243 1741 torma
253 1685 403 1750 varietate,
412 1700 470 1740 non
482 1683 638 1756 discrepat.
650 1684 704 1742 Per
713 1683 769 1743 hoe
778 1702 832 1758 pro
841 1685 927 1742 nohis
981 1683 1075 1741 salnte
1091 1683 1259 1741 moriturus.
1274 1707 1288 1735 n
1299 1686 1333 1741 at
1347 1685 1416 1742 item
1429 1701 1436 1742 :
1448 1707 1462 1735 e
1477 1684 1550 1742 Nam
1564 1684 1589 1740 ai
1603 1683 1634 1743 ill

101 1774 179 1830 Patri
191 1773 330 1847 loquitur,
343 1791 395 1847 per
403 1774 482 1846 quod
494 1771 685 1846 semetipsum
701 1773 787 1831 nobis
797 1773 924 1831 similem
980 1790 1040 1829 sua
1050 1772 1167 1830 eulmen
1180 1773 1315 1831 mirabile
1327 1792 1385 1830 non
1398 1773 1571 1831 inclinasset
1581 1789 1634 1832 stin

101 1863 239 1919 ostendit.
257 1863 348 1936 Loqui
373 1863 482 1936 quippe
508 1863 573 1934 ejus
593 1861 638 1918 vel
661 1861 848 1936 interpellare
870 1866 927 1930 est,
982 1861 1419 1935 interitamqaemadmodum
1434 1861 1634 1935 prosalnteeu

100 1951 198 2023 ipsum
208 1967 239 2007 se
250 1951 448 2024 proomaibus
460 1951 609 2009 hominem
618 1951 930 2018 demonstraremus
981 1950 1059 2023 oitlgi
1072 1952 1248 2023 potuerat‘l«
1260 1953 1294 2008 ut
1305 1951 1335 2008 in
1349 1951 1462 2024 psalmo
1475 1969 1510 2008 ox
1521 1951 1634 2009 :«vtrte

101 2040 188 2095 modo
203 2044 301 2096 autem
317 2040 347 2097 id
363 2042 442 2114 quod
457 2028 570 2097 dietum
593 2045 648 2108 est,
665 2056 697 2098 se
719 2056 772 2114 pro
788 2041 928 2097 omnihus
980 2055 1094 2095 sterent
1107 2042 1286 2098 annuntiavit
1304 2041 1405 2113 populo
1430 2057 1489 2109 seo,
1506 2039 1634 2098 scilicet*

100 2130 311 2198 demonstrare,
325 2129 511 2188 manifestius
526 2128 689 2203 intelligere
700 2127 863 2197 valeamus,
878 2146 927 2185 os·
981 2144 1069 2200 quem
1090 2129 1213 2185 redemit
1236 2129 1382 2203 sanguine
1395 2129 1534 2203 pretioso.
1547 2152 1561 2179 e
1578 2129 1615 2187 nt

100 2218 196 2274 tendit
205 2218 371 2292 evangeliea
381 2219 489 2275 veritas
500 2219 618 2275 dicens:
632 2219 664 2276 tn
677 2220 767 2275 ornnis
782 2220 830 2291 qni
842 2219 930 2275 eredit
980 2233 1064 2272 cxxix
1076 2233 1101 2273 z«
1112 2218 1145 2273 Et
1157 2219 1268 2290 copioso
1280 2218 1353 2291 apud
1368 2235 1431 2276 eunt
1445 2218 1634 2291 redemptum

100 2308 129 2363 in
145 2308 235 2380 ipsam
247 2324 303 2365 non
317 2317 419 2381 pereat,
430 2308 477 2364 sed
490 2308 681 2366 habeotoitnm
692 2309 926 2377 aternomtloan.
981 2304 1029 2361 ille
1045 2305 1165 2379 sanguis
1181 2311 1264 2363 tanta
1277 2306 1506 2364 luetitubertatc
1517 2306 1634 2365 ditissin

101 2413 143 2462 tn,
161 2397 205 2466 15)
217 2413 223 2451 :
237 2400 285 2470 qui
298 2415 361 2454 nero
375 2415 431 2454 non
440 2397 586 2455 crediderit
598 2397 823 2454 emendabitur
832 2397 925 2469 (tlara
981 2412 1037 2450 nas
1047 2395 1137 2451 totius
1146 2396 1248 2451 mundi
1260 2396 1584 2469 peccatarcdimerat,et
1593 2394 1634 2455 vel

100 2503 158 2555 xvt,
172 2487 226 2555 ta),
238 2490 272 2542 ut
287 2487 424 2559 prelatus
437 2487 538 2543 doctor
554 2486 584 2541 in
594 2485 669 2543 libro
679 2485 830 2560 trigesimo
845 2490 927 2543 sexto
980 2482 1090 2539 diluvio
1100 2484 1221 2540 salutari
1233 2485 1333 2542 orbem
1349 2490 1495 2542 terrarum
1507 2483 1634 2543 asnis-sc

102 2574 256 2631 Moralium
278 2576 350 2631 dicit
365 2593 371 2632 ;
385 2599 399 2627 u
416 2576 471 2632 Sed
486 2575 582 2648 iniqui
596 2591 700 2632 omnes
722 2578 832 2633 eterno
854 2593 926 2650 sup·
981 2572 1083 2646 piaret.
1095 2595 1110 2624 a
1122 2573 1236 2630 Etitem
1254 2575 1282 2630 in
1297 2575 1410 2648 psalmo
1420 2592 1512 2631 onaan
1525 2592 1549 2630 :a
1565 2574 1621 2644 Qui

101 2664 188 2737 plicio
199 2664 356 2738 etquidem
367 2682 421 2721 aua
431 2663 586 2738 iniquitate
600 2665 776 2736 puniuntur,
788 2670 817 2723 at
827 2670 927 2723 tamen
980 2661 1060 2718 illius
1073 2663 1172 2734 gaudii
1188 2665 1305 2730 modus,
1315 2665 1483 2736 ⁰0ss³pl⁰ete
1499 2663 1584 2720 illum
1594 2664 1633 2721 <1⁰

101 2753 137 2808 ad
153 2753 263 2826 aliquid
274 2759 507 2821 concremantur,
520 2753 631 2811 scilicet
644 2757 673 2809 et
683 2753 758 2825 justi
773 2771 888 2821 omnes,
899 2759 929 2811 et
980 2751 1157 2823 rumquihic
1166 2751 1630 2826 moricrediturastprosaluteea

99 2840 129 2897 in
145 2843 203 2899 Deo
224 2842 342 2900 videant
364 2843 475 2917 gandia
496 2859 560 2916 quta
582 2842 759 2918 percipiunt,
774 2847 803 2900 at
816 2843 846 2900 in
861 2843 926 2901 istis
980 2839 1015 2895 Et
1031 2839 1060 2895 in
1076 2840 1190 2912 psalmo
1204 2857 1290 2898 exara
1302 2859 1327 2899 2«
1337 2841 1433 2899 ludica
1452 2841 1593 2913 indicium
1611 2858 1634 2899 at

100 2930 259 3005 respiciant
275 2933 420 3007 supplicia
435 2951 500 3006 quaa
515 2937 680 2991 evaserunt.
693 2955 707 2983 n
978 2926 1052 2984 dimo
1060 2945 1113 2985 me.
1124 2931 1215 2996 Quem
1227 2931 1369 2987 redimere
1380 2935 1493 3003 poterut
1503 2930 1559 2987 nisi
1571 2928 1634 2987 cred

135 3021 215 3079 Hanc
240 3022 395 3080 discretam
421 3022 644 3097 intelligentiam
668 3022 703 3079 de
727 3021 926 3094 redemptione
979 3018 1409 3092 proquomaximasanguinem
1418 3017 1630 3092 redemptionis

99 3127 163 3182 quae
178 3111 211 3167 tu
224 3128 276 3184 per
298 3113 472 3185 sanguinem
487 3111 605 3180 Christi,
622 3128 689 3167 cum
716 3109 926 3183 suprascriptis
979 3103 1005 3161 si
1020 3103 1114 3162 fidelis
1129 3106 1258 3164 famulus
1273 3125 1331 3163 aon
1348 3107 1471 3164 luisset?
1481 3106 1634 3164 Addidit:¹

99 3198 250 3272 magistris
260 3199 412 3258 catholicis
427 3200 647 3274 intelligendam
658 3203 746 3273 atque
755 3198 922 3267 tenendam,
940 3179 969 3248 θ’
980 3195 1057 3266 cmm
1071 3202 1150 3252 taum
1165 3197 1273 3268 vivifico
1285 3213 1328 3253 me
1342 3215 1352 3251 .·
1368 3196 1418 3253 illo
1442 3197 1563 3263 scilicet,
1575 3195 1627 3253 ubi

99 3293 128 3344 et
141 3288 317 3345 venerabilis
340 3290 418 3345 Beda
440 3290 593 3363 presbyter
607 3286 748 3345 intellexit
765 3290 794 3343 et
817 3287 923 3356 tenuit,
980 3283 1132 3352 atterente
1144 3287 1175 3340 in
1189 3302 1231 3342 nae
1245 3303 1300 3341 non
1314 3287 1456 3353 nwrieatr,
1466 3285 1634 3342 reddebant·

100 3376 200 3431 dicens
214 3376 244 3431 ia
258 3377 438 3450 expositione
458 3377 605 3451 Ei’angetii
626 3378 709 3432 Luca
727 3391 761 3431 z«
777 3377 873 3432 Factae
886 3383 927 3432 est
979 3372 1625 3448 nam.Taleestetiltudprophetaequerentis

98 3464 182 3520 sudor
195 3466 254 3538 dus
276 3468 348 3523 sicut
365 3474 450 3538 penae
463 3467 607 3538 sonpnints
622 3465 789 3522 denimentis
814 3467 845 3521 in
869 3472 925 3521 ter-
979 3460 1169 3532 quibusdam,
1184 3465 1319 3520 Attrieisti
1331 3479 1386 3532 eos,
1402 3463 1586 3536 inquiens,et
1598 3477 1634 3519 ret

98 3570 160 3609 rnna
183 3554 469 3626 (tac.xx11,ll)‚ut
497 3554 666 3611 universum
695 3553 753 3611 lata
780 3557 925 3611 terrarum
980 3551 1068 3622 cipere
1091 3550 1384 3624 disciplinantem,
1400 3553 1445 3625 3);
1462 3555 1491 3608 ot
1506 3568 1513 3606 ε
1530 3551 1634 3609 Curavi

99 3643 199 3700 orbem
215 3645 343 3717 peccatis
359 3649 508 3701 mortuum
531 3660 585 3701 sue
599 3646 693 3699 morte
708 3641 826 3700 innoxia
841 3642 925 3699 ccele-
980 3638 1069 3696 enan
1082 3646 1108 3695 et
1120 3656 1176 3696 nen
1189 3648 1230 3696 est
1246 3649 1343 3698 anneta
1357 3646 1427 3710 (ter.
1445 3658 1480 3709 ar,
1496 3641 1534 3709 9).
1550 3641 1586 3696 ut
1599 3639 1634 3696 D<

99 3735 174 3789 stem
190 3734 379 3790 resuscitaret
393 3733 430 3788 ad
445 3732 569 3789 vitam.»
581 3733 616 3788 nt
630 3731 700 3788 item
712 3750 736 3789 :u
749 3733 831 3798 Quod
846 3736 926 3789 vasta
979 3725 1020 3781 cit
1036 3744 1042 3780 τ
1058 3727 1178 3800 lnterfict‘
1193 3737 1219 3785 et
1232 3730 1342 3802 perdidi
1358 3730 1491 3803 poputum
1507 3731 1626 3802 justam,

98 3819 166 3875 alba
190 3821 334 3887 induitur,
351 3819 546 3876 immaculatas
561 3820 611 3877 dat
634 3818 742 3877 indicia
767 3820 924 3892 passionis,
979 3816 1634 3889 vineatanonsnweversitlcr.xv,7).h2tmrt

99 3908 238 3979 quoniam
253 3910 354 3982 Agnus
369 3910 420 3967 Dei
438 3908 648 3967 immaculatas
662 3907 754 3966 totius
768 3909 871 3966 mundi
886 3909 926 3967 sit
978 3906 1061 3980 putus
1075 3922 1131 3963 non
1145 3914 1185 3973 est
1197 3923 1323 3972 reuersae
1333 3907 1369 3982 ad
1380 3909 1612 3979 percutientemse
1621 3905 1634 3980 lt

99 4000 217 4067 peccata
232 3997 384 4054 ablaturus
410 4000 519 4055 Etenna
542 3999 672 4070 tetigisset
689 3998 845 4060 cummium
867 3999 926 4070 ejas
979 3996 1014 4052 ut
1029 4010 1036 4050 ι
1052 3996 1113 4053 Lae
1127 3997 1286 4052 intenebris
1302 3997 1381 4063 tecet,
1395 4003 1423 4054 et
1439 3997 1632 4055 tenebrascens

98 4087 207 4141 sanavit
219 4102 281 4142 eam
296 4087 387 4156 (ibid,
403 4079 600 4160 51),‘myetice
622 4087 777 4143 doceaset
794 4086 885 4159 ipsos,
900 4085 925 4145 si
977 4083 1179 4156 pretenderunt
1192 4089 1283 4154 (toan
1299 4103 1320 4154 1,
1331 4087 1369 4158 5),
1381 4090 1410 4145 et
1423 4086 1589 4157 redemptor
1605 4100 1634 4141 m

99 4177 314 4243 convertantur,
331 4193 417 4249 posse
432 4176 541 4244 sanari,
558 4175 608 4249 qui
625 4176 654 4230 in
670 4191 725 4232 sua
736 4179 807 4232 sunt
823 4175 925 4233 mortis
979 4189 1033 4244 pro
1047 4173 1157 4229 mundo
1182 4173 1356 4246 sanguinem
1380 4189 1469 4231 suum
1494 4177 1524 4229 at
1547 4170 1634 4228 mund

99 4263 290 4320 consensione
306 4264 460 4322 vulnerati.
474 4288 488 4315 υ
499 4265 534 4321 ut
553 4265 623 4322 itam
640 4280 672 4319 :a
687 4265 832 4336 Postquam
849 4280 926 4321 oene-
979 4260 1084 4318 noluit.
1096 4261 1131 4317 ut
1145 4261 1214 4318 item
1231 4262 1373 4334 scriptum
1384 4267 1430 4321 est
1440 4280 1447 4318 τ
1458 4262 1521 4319 Noli
1530 4262 1625 4317 timere

99 4359 163 4407 rant
177 4351 212 4408 ad
241 4353 331 4409 locam
349 4356 397 4427 qui
422 4363 534 4411 nocetur
557 4354 703 4421 Calcaria,
719 4352 762 4409 itt
783 4353 925 4424 crucifixe·
979 4357 1131 4422 emturum
1146 4352 1365 4424 canonemque
1387 4353 1417 4407 in
1436 4353 1544 4409 cantino
1568 4365 1634 4423 pesp

99 4448 165 4496 rrmt
178 4457 240 4497 curn
254 4444 330 4510 (Lac.
348 4462 410 4512 xia,
426 4445 482 4513 33).
502 4444 656 4516 Propterea
671 4445 769 4499 autem
794 4439 834 4496 ibi
858 4458 923 4497 crn-
978 4440 1041 4495 cani
1054 4446 1079 4497 te
1089 4438 1154 4511 (Iao.
1168 4456 1223 4508 arv,
1237 4440 1290 4511 ll).
1302 4441 1337 4496 ut
1351 4439 1421 4498 item
1438 4456 1445 4495 :
1460 4440 1619 4511 Loqnintt'ni

98 4528 202 4585 citixus
216 4534 261 4586 est
276 4531 429 4599 Dominus,
444 4536 478 4588 ut
491 4531 542 4589 ubi
566 4531 649 4604 priua
672 4533 735 4589 orat
756 4545 825 4586 arca
838 4529 924 4585 dam·
936 4549 962 4617 j)
975 4528 1110 4594 ‚ruentem
1126 4537 1152 4584 et
1168 4537 1275 4586 avocate
1290 4546 1350 4585 eam
1365 4530 1429 4602 (lac.
1443 4547 1489 4594 xa,
1503 4527 1542 4600 2),
1558 4543 1634 4599 usqu

99 4622 245 4685 natorum,
257 4619 439 4691 erigerentur
451 4620 555 4677 vexilla
571 4619 715 4692 martyrii.
726 4619 762 4675 tat
776 4617 922 4691 quemodo
977 4616 1063 4687 nitur,
1079 4618 1185 4689 liccept't
1199 4617 1322 4690 duptieic
1335 4618 1368 4674 de
1388 4635 1473 4674 amna
1490 4617 1602 4673 domini
1612 4631 1634 4688 p

99 4724 151 4779 pro
166 4707 251 4762 nobis
265 4707 454 4765 maledictum
477 4709 572 4766 crucis
592 4710 687 4765 lactus
706 4711 760 4777 est,
777 4712 806 4763 et
826 4706 923 4779 dagal·
975 4708 1093 4779 petentis
1116 4707 1174 4762 aaa
1199 4706 1301 4778 (thid).
1314 4707 1350 4762 ut
1377 4706 1444 4763 item
1471 4705 1613 4778 scriptum

99 4797 176 4854 latus
195 4801 225 4852 ct
248 4797 414 4866 crucifixus,
432 4799 457 4855 si
484 4817 537 4872 pro
560 4799 694 4855 omnium
722 4796 816 4855 salute
840 4796 924 4868 quasi
978 4795 1101 4851 vulneris
1115 4797 1245 4866 abstergit
1257 4796 1341 4863 mab,
1353 4804 1379 4852 et
1390 4797 1482 4867 plante
1496 4797 1527 4851 in
1540 4795 1634 4852 secreti

98 4884 202 4942 noxius
221 4886 299 4942 inter
321 4887 423 4945 noxios
437 4887 630 4961 crucifigitur,
646 4891 679 4942 at
693 4885 744 4944 nbi
764 4885 925 4943 abundavit
979 4885 1030 4939 tric
1045 4887 1138 4952 (Prot.
1152 4901 1199 4949 xx,
1210 4885 1266 4952 30).
1281 4885 1317 4940 ut
1333 4882 1491 4956 Apostolus
1508 4899 1514 4938 :
1531 4883 1632 4939 Putatis

98 4977 261 5046 peccatum,
279 4977 499 5048 superabundet
514 4980 543 5032 et
557 4973 725 5049 gratianus
738 4974 809 5031 item
827 4990 856 5029 :a
872 4972 925 5029 Ve-
978 4973 1108 5042 eastra,
1130 4988 1205 5028 nune
1226 4980 1317 5031 anum
1341 4973 1391 5029 lae
1414 4974 1445 5028 in
1469 4974 1586 5031 Domino
1597 4969 1634 5043 (hl

97 5062 153 5120 lint
165 5062 258 5125 nolint
271 5081 339 5137 crgo
349 5064 454 5132 iudai,
466 5082 552 5122 omne
565 5063 668 5122 mundi
680 5061 923 5137 regnumomnia
979 5060 1049 5132 quia
1064 5060 1189 5117 tenebra
1204 5059 1300 5117 lurein
1313 5060 1485 5134 recipientes
1500 5057 1634 5117 illumina

98 5153 248 5209 mundana
262 5152 415 5225 sapientia,
427 5152 526 5210 omnia
536 5152 638 5209 divine
654 5152 727 5226 legis
740 5154 923 5209 sacramenta
976 5148 1127 5205 credentes
1138 5148 1241 5206 muudi
1255 5149 1346 5220 pretio
1357 5149 1393 5204 ad
1405 5147 1530 5205 euntem
1542 5147 1634 5204 aedem

97 5241 326 5314 testantur,quia
336 5243 423 5298 lesos
438 5260 487 5298 rex
499 5243 669 5299 ludaeorum
678 5244 733 5308 est,
743 5240 798 5296 hoc
808 5243 853 5296 est
864 5239 921 5295 im·
976 5237 1012 5293 ut
1023 5237 1190 5309 Prosperes
1200 5237 1381 5311 delegatione
1395 5236 1559 5310 apostolice
1574 5235 1634 5293 sedi

98 5330 651 5399 peratorcrtulentiumetconhtontium
660 5327 919 5386 Deum.»Etitem:
976 5326 1116 5382 tholicam
1141 5324 1364 5398 intelligentiam
1384 5327 1567 5382 demonstrat
1586 5341 1634 5380 cot

100 5439 113 5465 (ι
130 5417 252 5474 Pulchre
267 5425 364 5476 autem
379 5419 526 5492 paraturis
541 5418 652 5476 Pascha
666 5416 819 5492 discipulis
834 5416 921 5474 homo
977 5415 1008 5471 ia
1023 5415 1262 5487 recapitulatione
1277 5432 1356 5471 nona
1369 5432 1393 5470 t«
1406 5415 1470 5482 Qui,
1482 5414 1628 5486 inquient,

99 5505 270 5574 amphoram
295 5527 377 5582 aquae
402 5514 523 5583 portans
538 5507 673 5576 occurrit,
696 5513 729 5563 ut
752 5507 923 5564 ostendatur
977 5521 1035 5560 non
1051 5519 1103 5576 pro
1114 5503 1205 5560 totius
1220 5504 1323 5559 mnndi
1338 5505 1537 5577 redemptione
1547 5500 1634 5559 Salva

98 5589 190 5659 hrains
205 5594 319 5655 Pascha
335 5596 506 5670 mysterium
527 5613 578 5670 pro
597 5595 781 5653 absolutione
794 5595 921 5668 pertenta
976 5593 1089 5663 oisixus,
1105 5609 1164 5650 aon
1180 5593 1216 5649 ad
1228 5592 1565 5665 sacramantiuutatem,
1576 5589 1629 5649 sed
