3810 6098
123 301 181 361 653

582 308 632 369 DE
654 308 840 372 ulvortrtc
862 312 1046 375 LO'l'HAltll
1069 315 1118 374 ΕΤ
1140 315 1369 377 Tarsatica.
1764 321 1825 380 654

124 437 224 489 tamar
248 432 350 504 luerit⁴
371 436 636 509 comprehendatur
651 458 668 495 a
686 442 802 511 comite,
819 448 849 499 et
872 443 947 499 lerro
961 444 989 512 Α
1003 443 1088 501 victio
1104 445 1132 501 in
1150 437 1356 503 ecclesiasticis
1375 448 1599 522 gradibusque
1622 450 1670 507 hic
1691 453 1825 523 ponenda

122 520 277 591 vinciatur,
292 527 321 580 et
336 522 366 580 in
385 525 550 585 custodiam
574 529 719 597 mittatur,
734 532 825 587 denec
842 550 888 588 res
911 533 947 588 ad
1003 551 1059 587 nou
1072 534 1190 589 ducitur
1202 551 1209 592 :
1223 539 1251 591 et
1262 535 1479 592 habetmodum
1489 554 1522 592 ac
1533 539 1664 594 ordinem
1676 558 1763 596 suum
1774 558 1826 614 pu·

123 615 253 667 nostram
271 612 407 669 notitiam
420 613 609 673 deducatur.»
621 618 756 676 Christus
767 637 882 694 quoquc
897 620 947 677 Dei
1001 621 1078 678 blica
1093 624 1236 680 coul'cssio
1247 623 1290 679 vel
1304 625 1445 680 convictio
1462 626 1645 682 secularium
1660 628 1824 698 homiuum,

122 701 225 769 virtus,
236 703 266 756 ct
278 700 326 757 [tei
341 702 486 776 sapientia
500 722 552 777 per
567 723 597 761 so
614 707 707 778 ipsam
719 707 797 764 dieat
809 726 815 764 :
828 713 886 780 Epo
900 709 948 765 Sc·
1002 727 1060 783 quo
1082 711 1198 784 publice
1222 712 1347 768 debeant
1370 713 1509 785 judicari.
1526 714 1588 769 Non
1617 731 1675 786 quo
1702 716 1826 773 crimina

120 792 225 864 pierrtia
240 790 333 848 habito
347 793 376 848 in
400 794 524 862 coneilio,
535 803 561 851 et
575 795 689 852 ermtitr's
705 799 838 854 intersum
851 801 949 870 repim-
1001 800 1101 872 gravia
1116 818 1173 857 non
1196 800 1346 858 solvantur
1359 803 1449 859 etiam
1467 808 1577 859 secreta
1597 805 1777 861 consessione
1793 824 1825 862 ao

121 880 243 936 tionibus
250 901 261 947 ;
274 895 326 952 per
339 896 382 937 me
405 898 479 953 repes
503 892 626 954 reperent,
643 893 668 941 et
690 887 838 943 conditores
854 889 948 962 trqam
1002 889 1182 960 poenitentia,
1199 907 1234 945 ne
1249 890 1359 947 infirmi
1380 891 1410 946 in
1435 890 1563 947 Ecclesia
1582 893 1824 964 scandalizentur,

117 972 189 1044 justu
204 969 369 1039 decenam
383 988 486 1044 pernae
497 975 636 1046 principes
651 977 797 1048 imperant,
814 986 839 1033 et
851 987 947 1050 potee-
1000 978 1133 1035 videntes
1148 996 1249 1035 eorum
1270 998 1381 1052 pmnas,
1398 998 1524 1052 quorum
1548 981 1665 1054 penitus
1690 983 1827 1055 ignorant

121 1068 158 1117 ter
172 1059 323 1116 decernant
339 1061 479 1133 justitiam
495 1062 585 1135 (Pron.
600 1082 659 1132 vui,
674 1066 726 1138 12).
739 1067 795 1121 Sed
814 1066 878 1122 ideo
893 1067 947 1124 hos

122 1147 200 1222 leges
215 1153 243 1205 et
259 1147 302 1204 illi
313 1149 421 1206 Christi
436 1150 547 1217 vicarii,
557 1153 815 1228 apostolorumque
829 1173 947 1212 saccea·

122 1255 201 1294 sores
212 1237 439 1307 constituerunt,
449 1244 478 1296 et
489 1258 542 1297 nos
552 1241 772 1315 qualescanque
783 1244 818 1299 ad
830 1244 906 1301 vices
917 1243 949 1299 il-

123 1327 217 1383 lorum
229 1325 281 1381 Dei
292 1328 482 1399 presidentes
492 1329 635 1399 Ecclesia,
648 1330 695 1387 hic
707 1330 772 1387 illas
782 1333 946 1405 posuimus,

123 1420 153 1471 at
162 1415 242 1472 sicut
255 1414 337 1471 illam
348 1417 589 1485 benedictionem,
599 1437 688 1491 quam
700 1421 842 1477 Dominus
852 1423 947 1495 primo

1002 1080 1108 1121 causas
1123 1082 1129 1120 :
1147 1066 1198 1121 sed
1214 1067 1292 1137 quod
1315 1066 1476 1139 plurimam
1496 1072 1612 1125 constat
1626 1075 1826 1142 perpetratum

1002 1153 1116 1220 notitia,
1133 1153 1183 1209 fiat
1206 1157 1342 1209 sanatura
1361 1156 1494 1221 scientia,
1510 1161 1539 1212 ct
1563 1158 1613 1230 qui
1638 1159 1667 1213 iu
1692 1159 1826 1215 Ecclesia

1002 1242 1131 1313 peccavit
1146 1243 1354 1314 sinceritatem,
1367 1243 1408 1298 illi
1423 1244 1552 1300 debitam
1562 1246 1698 1303 exhibere
1711 1248 1828 1304 studeat

1003 1330 1278 1398 satist'actiunem,ct
1300 1332 1350 1403 qui
1365 1331 1475 1403 plures,
1492 1339 1636 1406 quantum
1655 1353 1690 1392 ex
1709 1353 1740 1392 se
1760 1337 1825 1404 luit,

1002 1435 1056 1473 suo
1066 1417 1209 1474 destruxit
1218 1419 1360 1493 exemplo,
1373 1422 1475 1493 plures
1485 1427 1568 1478 sanet
1579 1440 1638 1478 sua
1651 1423 1827 1481 humilitatis

122 1504 949 1580 deditinparadisorldametuxoriejus,dicens:dreseite
1002 1506 1142 1574 antidoto,
1154 1506 1230 1563 sicut
1244 1509 1280 1564 de
1309 1525 1340 1564 se
1369 1508 1659 1584 l·aulusdieit:()ae
1680 1515 1761 1584 prius
1782 1514 1828 1584 sui

123 1601 147 1650 et
159 1593 391 1667 multiplicamini
406 1594 648 1667 (Gerr.r,28).Qun
664 1598 753 1654 semel
771 1600 840 1655 data
855 1617 948 1674 usqua
1003 1595 1184 1668 btuaqlreuraa,
1209 1605 1235 1651 ct
1256 1606 1422 1670 persecutor,
1444 1607 1469 1654 et
1493 1601 1742 1673 centuriatorum!
1758 1603 1825 1657 Tim.

124 1682 208 1739 bodie
223 1687 359 1756 eiusque
372 1682 401 1738 in
414 1683 947 1757 tinem,nonsalumlrdelibus,verum
1002 1701 1022 1753 1,
1041 1685 1093 1758 lt).
1115 1687 1159 1753 m,
1185 1686 1325 1752 uidebant,
1351 1686 1497 1760 inquiens,
1524 1691 1653 1761 quoniam
1677 1691 1726 1762 qai
1747 1692 1827 1761 price

125 1771 784 1845 etinsrdelibusnonnegatur,sacerdotumorc
795 1778 831 1832 ad
843 1779 950 1834 saneti·
1001 1774 1175 1845 ecliueocbct
1194 1776 1265 1831 lianc
1287 1775 1377 1847 fidem,
1395 1775 1480 1832 tactem
1494 1793 1568 1831 ocrw
1582 1778 1660 1833 illam
1680 1778 1827 1850 praeeat,

126 1862 532 1936 ficationem,quameristus
541 1865 714 1937 nuptiis‚ubi
722 1867 758 1922 de
766 1868 949 1940 aquavinum
993 1871 1027 1917 el
1044 1866 1073 1918 io
1091 1879 1135 1919 roe
1157 1863 1345 1935 clarificabant
1360 1865 1444 1920 lleuur
1463 1865 1534 1934 (Gal.
1548 1883 1568 1930 1,
1582 1867 1635 1936 13).
1651 1867 1702 1922 Est
1726 1866 1826 1934 etiam,

127 1951 200 2022 iecit,
208 1969 264 2008 sua
275 1951 431 2025 presentia
439 1952 572 2022 eontulit,
580 1953 717 2012 fidelibus
727 1961 756 2012 et
766 1957 950 2014 dovotisviri·
1004 1951 1100 2024 utqui
1116 1951 1145 2006 in
1162 1951 1296 2024 pluribus
1318 1953 1411 2009 Deum
1430 1953 1561 2017 offendit.
1578 1953 1712 2025 pluribus
1726 1971 1778 2026 pro
1793 1970 1827 2010 ec

125 2038 173 2094 tim
184 2039 321 2112 largitur,
329 2040 371 2095 ita
380 2039 443 2095 sine
454 2038 570 2095 illorum
583 2041 704 2097 seientia
712 2060 762 2114 per
769 2043 872 2113 Deum,
880 2044 950 2116 quia
1003 2040 1160 2096 Dominum
1171 2041 1396 2114 deprecantibus
1407 2041 1495 2098 eitius
1505 2042 1668 2098 remedium
1678 2043 1830 2098 dodeca-

127 2127 383 2200 perministeriam
393 2129 468 2185 Μ
478 2126 596 2185 illorum
606 2132 765 2202 conjuncti,
776 2131 889 2205 legibus
899 2151 951 2190 sa·
1004 2134 1154 2202 sequatur,
1165 2118 1242 2185 siou't
1257 2130 1548 2203 sanctusGregorius
1563 2133 1599 2187 od
1617 2132 1740 2188 Felicem
1755 2131 1828 2188 Sici·

127 2217 264 2289 culi‚quae
276 2217 326 2272 Dei
337 2217 453 2288 justitia
462 2217 685 2275 sanctificantur
696 2221 862 2292 quujuetus
872 2223 951 2294 qais-
1004 2216 1125 2273 lionsem
1137 2217 1308 2290 episcopum
1320 2219 1421 2274 scribit
1430 2219 1490 2291 (aa.
1500 2237 1549 2288 aa,
1559 2222 1636 2292 epist.
1648 2222 1693 2293 32)
1705 2237 1712 2276 :
1725 2243 1739 2271 a
1754 2222 1829 2276 Sunt

126 2320 175 2377 que
186 2305 329 2373 efficitur,
338 2323 395 2361 non
406 2312 624 2378 separentur,et
634 2308 658 2364 si
672 2311 891 2381 p1·optcrl)eu1n
908 2328 950 2367 se-
1003 2306 1092 2374 enirn,
1104 2306 1252 2378 iuquiens,
1265 2306 1334 2362 ruali
1346 2308 1518 2380 segregandi
1529 2326 1546 2363 a
1556 2308 1652 2376 bouis,
1664 2314 1693 2365 ct
1706 2308 1799 2382 iniqui
1811 2326 1829 2365 a

125 2399 267 2464 parantur
277 2393 951 2467 spiritaliteracarnalicomnrixtioneutadha-
1000 2396 1101 2467 justis,
1112 2400 1143 2450 ut
1158 2394 1261 2451 saltem
1277 2396 1382 2451 rubore
1393 2414 1446 2451 suo
1457 2397 1651 2454 conscientias
1667 2415 1737 2454 suas
1749 2414 1828 2454 reco-

123 2490 218 2541 rentes
229 2483 357 2539 Domino
370 2501 445 2540 unus
460 2484 627 2540 elliciantur
641 2485 772 2558 spirituS,
783 2487 862 2543 velut
877 2490 949 2546 Pau·
1004 2489 1156 2557 gnoscant,
1169 2489 1198 2540 et
1212 2490 1418 2540 convertantur
1433 2504 1451 2541 a
1465 2487 1659 2559 pravitatibus
1676 2486 1748 2558 suis,
1759 2491 1789 2542 et
1803 2485 1828 2542 si

120 2569 210 2630 lusde
225 2573 331 2629 multis
342 2573 371 2629 in
387 2573 515 2629 Ecclesia
525 2574 702 2641 constitutis,
715 2576 875 2649 interquos
885 2579 948 2652 qui·
1004 2572 1218 2645 incorrigibiles
1238 2574 1438 2645 apparuerint,
1455 2579 1676 2647 segregentura
1692 2573 1829 2631 fidelibus

114 2661 183 2720 dam
202 2662 357 2737 publicani
372 2666 402 2719 et
415 2662 592 2733 meretrices,
609 2663 762 2719 homicide
778 2665 906 2734 luerunt,
922 2671 951 2723 et
1005 2678 1097 2733 usque
1114 2661 1150 2716 od
1174 2660 1416 2728 satisfactionem,
1427 2662 1514 2732 juxta
1529 2661 1688 2718 Salvatoris
1713 2663 1829 2719 Domini

111 2751 260 2820 adulteri,
271 2751 412 2824 loquitur,
423 2751 593 2824 [imponendi
608 2769 652 2809 voe
665 2756 717 2810 eni
732 2770 802 2822 uero,
816 2757 950 2827 virytnem
1004 2749 1263 2821 sententiamque
1274 2749 1350 2804 inter
1359 2749 1507 2804 caeterade
1515 2755 1653 2820 peccante
1662 2750 1749 2807 fratre
1760 2768 1831 2823 pra·

106 2851 222 2899 matam
232 2840 751 2913 ceditercdtristoffldcr.11,2),cum
762 2844 951 2902 sacerdotalis
1003 2838 1137 2912 oipiendo
1152 2838 1210 2894 ait:
1226 2840 1258 2893 st
1278 2839 1429 2909 peccaverit
1444 2839 1474 2893 io
1499 2846 1524 2893 te
1546 2840 1633 2910 [ναῖεν
1647 2847 1709 2895 tous
1725 2839 1827 2911 (llotttr.

95 2929 309 2990 conscientia
330 2929 530 2987 benedictione
552 2928 667 3003 plenius
685 2931 807 2988 Domino
827 2934 949 3005 conjuu·
1003 2928 1156 3001 xviii,15),
1175 2927 1317 2998 usquead
1339 2926 1367 2981 id
1391 2926 1469 2998 qii0d
1485 2925 1602 2994 dicitur,
1622 2929 1659 2983 sit
1683 2927 1736 2983 lili
1757 2929 1831 2985 cient

97 3024 238 3093 gantur.
252 3018 284 3076 Si
297 3022 435 3075 autemst
449 3017 511 3092 lege
523 3018 599 3075 civili
610 3021 951 3092 justaetsanetaaeno-
1003 3017 1126 3071 ethnicae
1153 3024 1179 3072 et
1202 3016 1378 3088 publicanas.
1401 3015 1451 3071 llis
1479 3031 1547 3088 ergo
1576 3020 1605 3071 et
1632 3014 1698 3072 aliia
1725 3015 1829 3074 maltis

98 3109 229 3168 minis-o
242 3111 388 3183 praecepto
399 3109 604 3177 concordante,
617 3114 735 3182 propter
749 3110 950 3170 fornicationis
1002 3108 1172 3161 sentimum
1189 3106 1306 3162 Pulsum
1322 3104 1555 3172 inominalibus,
1570 3104 1743 3178 segregandi
1757 3109 1829 3162 sunl

93 3196 374 3271 peccatum,quod
391 3195 527 3251 humana
538 3195 689 3268 fragilitati
699 3197 774 3253 solet
787 3198 950 3271 subripere,
966 3188 988 3254 G
1006 3192 1075 3248 mali
1091 3211 1108 3249 a
1123 3193 1219 3262 bonis,
1233 3210 1270 3248 ne
1291 3198 1411 3265 pereant
1431 3193 1505 3264 justi
1528 3210 1582 3266 pro
1605 3193 1735 3264 injustis,
1751 3194 1829 3250 sicut

93 3289 269 3360 conjuges
283 3283 392 3339 tuerint
407 3285 544 3358 separati,
557 3285 730 3357 episcopalis
741 3302 817 3342 curae
828 3288 949 3360 quasis·
1005 3283 1148 3355 scriptum
1164 3287 1209 3338 est
1220 3300 1227 3338 ε
1238 3284 1314 3338 Perit
1323 3283 1415 3356 justus
1430 3299 1479 3355 pro
1494 3285 1578 3355 impio
1592 3282 1699 3353 (Ereta.
1709 3300 1760 3356 vu,
1773 3283 1827 3356 lo).

92 3377 173 3435 rint
186 3373 369 3431 medicinale
377 3373 660 3440 consilium‚utsciat
668 3374 822 3449 episcopus
831 3394 949 3449 quomo·

81 3467 146 3524 -do
151 3466 255 3538 juxta
262 3462 432 3536 qualitatem
442 3466 471 3519 et
479 3462 672 3535 quantitatem
682 3463 820 3532 vulneris,
828 3467 949 3522 modum

94 3572 142 3613 ac
151 3550 460 3623 virtutem,adhibere
470 3551 574 3607 debeat
584 3552 744 3608 curationis
757 3553 950 3611 medicamen-

1005 3371 1094 3428 Debet
1117 3373 1195 3427 enim
1224 3371 1488 3445 semperdiscretio
1511 3371 1574 3428 fieri
1603 3372 1785 3429 interbouos
1800 3376 1830 3429 et

1005 3460 1109 3530 aratos,
1126 3461 1203 3517 sicut
1225 3466 1270 3517 est
1298 3460 1375 3516 inter
1397 3460 1496 3517 haedos
1523 3465 1553 3516 et
1580 3477 1658 3518 oves.
1675 3461 1831 3518 Manifesta

1004 3567 1121 3623 quoque
1131 3555 1251 3623 peccata
1265 3567 1323 3606 nou
1338 3554 1408 3606 sunt
1422 3549 1536 3607 occulta
1555 3549 1736 3622 correptione
1760 3567 1829 3622 pur·

95 3648 194 3702 tum.
213 3641 265 3698 Sic
281 3656 408 3713 namque
425 3639 567 3697 Dominus
583 3641 672 3696 semel
696 3642 725 3697 in
749 3659 840 3711 creua,
857 3644 950 3716 pridie
1004 3640 1168 3712 gandased
1184 3638 1281 3712 palam
1296 3644 1366 3694 suut
1380 3638 1521 3712 arguendi
1535 3638 1585 3710 qui
1600 3639 1697 3712 palam
1713 3645 1829 3710 noceat,

95 3749 210 3808 quam
237 3747 292 3804 pro
316 3729 498 3802 reparatione
514 3732 542 3785 et
563 3728 657 3785 salute
681 3730 813 3788 omnium
839 3733 889 3805 qui
919 3733 949 3789 in
1006 3730 1121 3785 utduni
1141 3733 1242 3801 aperta
1267 3728 1470 3802 objurgatione
1490 3732 1643 3796 sanantur,
1658 3727 1688 3783 hi
1705 3728 1756 3801 qui
1779 3745 1830 3785 ecs

84 3823 214 3879 Adam
231 3818 380 3892 perierant
400 3821 559 3890 pateretur,
573 3819 609 3874 de
624 3835 697 3891 pano
712 3820 807 3876 farina
822 3827 851 3876 et
874 3840 951 3896 aqua
1004 3817 1148 3873 imitando
1163 3815 1347 3890 deliquerant
1361 3817 1554 3890 corrigantur.
1566 3817 1642 3873 Dum
1658 3816 1736 3873 euim
1753 3835 1830 3874 anus

99 3910 309 3974 consecto,ct
330 3905 418 3964 calice
442 3907 620 3964 sacrosancti
641 3907 751 3977 altaris,
764 3910 813 3982 qui
843 3928 949 3983 aquam
1005 3906 1171 3980 corripitur,
1182 3906 1301 3980 plurimi
1312 3905 1515 3974 emendantur,
1527 3911 1556 3962 et
1566 3905 1672 3963 melius
1681 3910 1727 3963 est
1737 3911 1768 3962 ut
1778 3924 1829 3978 pro

101 4001 276 4066 miscetur,
291 3994 499 4052 eucharistiam
516 3994 578 4052 suis
595 3997 731 4053 manibus
748 3999 905 4066 benedixit,
921 4004 951 4056 et
1005 3995 1165 4052 multorum
1181 3994 1339 4051 salvatione
1353 4012 1430 4051 unus
1446 3995 1667 4061 condemnetur,
1678 4012 1767 4068 quarn
1778 4012 1830 4068 per

102 4106 167 4146 ore
178 4084 412 4155 commendavit,
422 4101 509 4157 quam
520 4084 651 4157 quotidie
667 4085 696 4140 in
712 4087 791 4142 omni
807 4088 951 4145 catholiea
1005 4084 1094 4140 unius
1109 4083 1257 4139 licentiam
1274 4082 1357 4138 multi
1379 4082 1589 4155 periclitentur.
1601 4084 1658 4140 Nec
1678 4084 1786 4139 mirum
1803 4084 1828 4140 si

101 4171 473 4247 Ecclesialongolatequc
486 4188 536 4244 per
546 4172 646 4230 orbem
658 4174 773 4242 dillusa,
786 4174 952 4233 indeficien·
1005 4174 1081 4229 inter
1105 4173 1240 4228 homiues
1262 4172 1409 4227 haeretic
1425 4171 1600 4237 custoditur,
1611 4188 1679 4228 cum
1702 4177 1731 4226 et
1751 4173 1830 4228 inter

91 4267 204 4323 tibus
217 4262 332 4321 eisdem
347 4261 410 4319 suia
423 4261 530 4333 verbis,
547 4278 599 4334 per
613 4280 719 4318 manus
739 4269 768 4319 et
787 4282 838 4320 ora
852 4283 951 4323 saeer—
1001 4265 1137 4337 jumenta
1151 4262 1214 4318 sieri
1235 4277 1364 4335 persepe
1378 4261 1577 4334 cognovimus,
1590 4265 1623 4316 ut
1636 4276 1672 4317 ea
1685 4276 1749 4332 que
1764 4277 1828 4317 sca·

106 4356 239 4421 dotum,
259 4351 291 4408 in
315 4349 546 4424 redemptionem
570 4356 599 4407 et
621 4352 834 4425 reparationem
864 4359 951 4427 atque
1005 4353 1083 4410 hiem
1093 4353 1136 4410 vel
1146 4351 1347 4424 impetiginem
1358 4349 1464 4406 habere
1475 4349 1830 4422 videatur,separentura

107 4439 613 4507 salutemcrodeutiumconsecrat;
623 4441 947 4512 acujuscommuniene
1005 4443 1097 4510 sanis,
1110 4459 1145 4497 ue
1161 4440 1279 4497 illorum
1295 4438 1396 4494 morbo
1412 4442 1515 4494 catera
1529 4439 1707 4494 damnentur
1719 4438 1764 4495 vel
1779 4456 1829 4519 pe·

109 4530 240 4589 vivifica
254 4533 408 4603 peccantes
423 4527 540 4602 publice
550 4527 688 4600 gravibus
700 4529 951 4606 criminibusque
967 4561 990 4627 D
1007 4538 1098 4589 reont.
1110 4529 1209 4588 Satius
1224 4533 1269 4585 est
1282 4527 1361 4584 enim
1377 4531 1409 4583 at
1423 4526 1492 4582 mali
1515 4518 1670 4584 manifeste
1684 4530 1831 4602 corrigan-

114 4619 203 4695 leges
218 4619 419 4677 condemnant
440 4616 567 4690 publice,
584 4616 750 4672 medicinali
777 4618 952 4678 ferramento
1008 4628 1064 4690 tur,
1076 4637 1164 4693 quam
1179 4637 1231 4692 pro
1247 4618 1305 4690 illis
1322 4617 1389 4673 boni
1405 4621 1561 4689 pereant.»

116 4709 292 4767 sacerdotes
321 4705 534 4775 abscidunt,et
562 4709 628 4778 post
655 4706 895 4778 satisliretioncm,
921 4716 953 4766 ut
1043 4705 1830 4780 llaecideodietasunt,curlegesposuimus,utcou·

119 4813 288 4871 congruere
302 4793 437 4863 viderint,
449 4793 571 4851 salutari
587 4795 741 4851 relectione
756 4797 952 4871 redintegrare

122 4889 295 4961 procurant.
312 4882 454 4950 Quoniam
468 4883 602 4940 Ecclesiae
618 4883 722 4940 medici
740 4886 897 4957 spiritales,
915 4888 953 4943 vi-

123 4975 231 5032 delicet
247 4973 363 5030 Domini
379 4974 553 5041 sacerdotes,
565 4974 600 5029 dc
615 4979 726 5030 secrete
739 4974 794 5030 sibi
811 4978 953 5033 conlassis

125 5067 313 5137 peccatorum
331 5060 553 5118 infirmitatibus
569 5062 754 5118 medicinalia
772 5068 859 5135 atquc
874 5064 952 5120 salu-

127 5152 190 5209 bria
199 5155 327 5225 possunt
337 5151 407 5207 dore
416 5149 539 5207 consilia
551 5168 558 5207 :
568 5151 678 5222 judicio
689 5157 785 5207 autem
798 5151 953 5210 ccclesias·

127 5239 193 5309 tice,
206 5240 293 5296 idest
308 5238 491 5313 separatione
505 5258 523 5296 a
537 5239 743 5296 communione
754 5241 898 5311 llcelcsiae,
910 5242 953 5300 vel

127 5346 143 5386 a
156 5327 263 5404 gradu,
276 5328 336 5385 sive
347 5345 364 5384 a
375 5328 522 5386 consortio
532 5328 689 5402 conjugali,
703 5329 849 5386 nominem
866 5333 954 5390 ratio-

1001 4799 1099 4872 jugati
1111 4799 1170 4853 sive
1185 4813 1283 4853 amore
1299 4795 1360 4867 Dei,
1368 4795 1426 4851 sive
1441 4795 1621 4852 admissione
1631 4798 1830 4868 peccati,eum
1894 4842 1903 4851 .

1007 4886 1177 4945 sacerdolali
1190 4884 1369 4942 conscientia
1379 4888 1560 4955 separentur,
1569 4886 1645 4941 unde
1658 4885 1830 4942 benedictio·

1008 4994 1074 5033 neur
1088 4975 1207 5031 ineundi
1233 4978 1406 5046 aeceperunt
1431 4973 1613 5047 conjugium.
1629 4974 1685 5030 Sed
1701 4973 1771 5046 quia
1794 4973 1831 5028 de

1007 5065 1189 5138 separatione
1204 5063 1256 5118 viri
1272 5067 1300 5117 et
1314 5062 1413 5117 uxoris
1429 5079 1507 5118 nanc
1527 5063 1632 5135 agitur,
1645 5079 1708 5134 quoe
1724 5078 1781 5116 non
1798 5062 1831 5117 ot

1009 5170 1107 5211 aurore
1127 5157 1272 5226 perpetuae
1288 5151 1483 5220 continentia,
1502 5170 1554 5208 nec
1569 5152 1664 5208 adhuc
1684 5154 1783 5223 aperto
1798 5154 1832 5207 ut

1009 5245 1116 5300 dicitur
1140 5241 1273 5310 erimine,
1294 5241 1344 5298 sad
1364 5242 1492 5313 (quodam
1517 5240 1692 5312 suspicione,
1713 5254 1832 5296 necesse

1008 5337 1053 5391 est
1068 5339 1101 5389 ut
1117 5349 1169 5405 per
1185 5330 1265 5387 illius
1275 5330 1386 5387 ordinis
1397 5330 1483 5395 vireo,
1494 5328 1625 5385 videlieet
1635 5346 1686 5401 per
1695 5328 1832 5401 conjuga·

128 5417 265 5475 nobiliter
277 5421 404 5490 possunt
418 5433 578 5486 secernere,
591 5416 647 5473 nisi
662 5417 698 5473 do
713 5418 887 5475 criminibus
903 5427 956 5479 aut
1009 5428 1064 5492 tos,
1077 5423 1138 5478 hac
1149 5421 1221 5477 ratio
1231 5418 1396 5487 ventiletur,
1405 5423 1434 5473 et
1444 5417 1606 5474 secundum
1619 5416 1833 5491 legesGhrists·

126 5505 245 5582 publice
269 5510 374 5579 sponte
389 5506 568 5574 contessum,
584 5510 635 5562 aut
657 5510 756 5579 aperte
777 5508 954 5569 convictum.
1009 5530 1064 5571 naa
1079 5528 1097 5570 o
1110 5512 1169 5569 Deo
1184 5509 1343 5584 dispositas
1358 5507 1525 5581 equissimo
1538 5507 1670 5564 escariae
1681 5506 1833 5578 judicetur

125 5595 163 5675 Et
172 5593 264 5659 babet
273 5594 577 5659 merdumetordincm
587 5596 828 5659 suumcootessic
838 5596 957 5665 velcon·
1002 5618 1044 5677 aa
1056 5600 1242 5679 terminatur,
1253 5602 1282 5657 et
1301 5597 1469 5678 ubicunque
1483 5595 1514 5657 in
1533 5596 1589 5663 hoe
1604 5596 1719 5677 negotio
1734 5596 1831 5661 locum
