3810 6098
57 295 137 361 {¹85

688 296 777 354 virt
802 294 941 353 sauu'rt
966 294 1126 354 llEbllGll.

1683 304 1760 377 rav

53 427 245 484 manuferens
260 426 408 495 baculum,
425 425 479 481 iter
495 427 606 498 peregit
618 427 810 485 destinatum:
823 443 881 482 non
895 426 923 494 Α
940 425 1054 482 hostilis
1069 425 1099 482 in
1114 443 1196 499 spem
1212 429 1353 499 paulatim
1372 433 1537 492 securitatis
1551 434 1761 508 tranquillitate

56 515 883 589 atejusampliusegeretauxilio‚sedutidinhujusdata

56 606 115 663 sibi
125 604 261 662 sanitatis
270 605 458 677 responderet
469 605 884 677 testimonio.l’erv'cniensque

55 711 117 767 quo
129 693 547 759 desideraverat,laudabunda
564 696 681 751 devotas
696 693 883 751 interventori

55 801 113 840 suo
129 783 264 855 rependit
279 782 400 855 gratias.
419 783 528 855 llicque
557 782 703 855 prolatum
733 783 884 840 dimittens

56 871 210 938 bacillum,
227 871 329 944 prisca
346 871 523 930 calamitatis
539 890 598 928 suae
614 873 763 944 solatium,
779 871 885 929 alacris

50 962 129 1033 jam,
145 977 198 1018 nec
214 961 279 1033 opis
295 961 385 1034 hujus
401 961 512 1035 indiga,
528 960 633 1035 repetit
651 962 706 1018 iter
719 979 884 1032 emensum,

56 1051 188 1114 referens
202 1049 268 1108 lata
283 1052 440 1124 quaesitum
465 1052 568 1108 divina
598 1051 805 1110 consolationis
820 1052 884 1108 suf-

57 1140 198 1214 fragium.

96 1230 408 1287 LXXXIV.Adveniens
423 1231 522 1304 itaque
537 1232 665 1305 pontifex
675 1232 749 1312 'cleri
765 1249 885 1305 magna·

58 1324 184 1392 tumque
212 1320 336 1392 stipatus
366 1321 492 1393 agmine,
509 1320 626 1376 victima
650 1321 755 1378 salutis
777 1321 885 1389 oblata,

57 1407 192 1464 vestibus
214 1407 289 1463 albis
314 1407 444 1476 indutus,
463 1426 529 1465 cum
558 1410 656 1467 choris
684 1409 884 1483 psallentium,

57 1497 262 1569 gratissimum
273 1496 391 1552 deducit
402 1497 437 1552 ad
447 1497 555 1554 muenia
566 1499 691 1555 civitatis
701 1500 884 1555 thesaurum.

59 1585 121 1642 lllis
150 1588 248 1641 autem
277 1584 402 1641 feliciter
431 1602 463 1641 eo
493 1587 756 1659 progredientibus,
774 1592 803 1644 et
817 1605 871 1661 gra

940 515 1061 570 vertitur
1075 515 1166 587 pacis.

975 605 1114 662 LXXXVI.
1132 607 1196 662 Haec
1218 609 1320 664 eadem
1345 612 1465 682 praefata
1489 612 1599 671 scilicet
1622 614 1761 681 illationis

938 693 1012 751 sacri
1030 694 1158 766 corporis
1169 695 1198 750 in
1210 697 1313 753 urbem
1324 697 1381 769 dic,
1394 699 1487 773 tingui
1499 702 1609 759 fervida
1617 704 1680 776 jam
1690 705 1761 769 solis

939 800 1046 840 oceano
1062 788 1124 839 rota
1139 789 1264 857 petente,
1278 787 1398 859 quidam
1427 788 1546 847 Nivolus
1571 794 1688 851 nomine
1711 795 1762 859 dea

938 872 1008 929 villa
1022 891 1084 945 qua
1099 878 1221 930 vocatur
1236 874 1397 944 Dominica,
1409 875 1590 936 Rhemorum
1607 883 1717 940 montis
1732 883 1762 947 iu

938 961 1028 1019 latero
1040 961 1106 1030 sita,
1122 963 1232 1019 surdus
1247 968 1275 1019 et
1290 969 1402 1032 mutus,
1418 967 1556 1024 manibus
1579 986 1696 1044 quoque
1711 989 1764 1045 per

940 1069 1033 1108 annos
1048 1068 1150 1107 novem
1167 1052 1281 1125 debilis,
1298 1070 1331 1109 ac
1348 1054 1482 1127 pedibus,
1500 1055 1698 1132 qualicunque
1713 1078 1764 1134 per

938 1145 1030 1197 totam
1053 1140 1130 1198 diem
1156 1141 1247 1198 valuit
1275 1143 1437 1213 conamine,
1455 1145 1491 1202 ab
1507 1146 1601 1218 ipsius
1616 1150 1764 1223 surgentis

940 1248 1050 1287 aurore
1061 1229 1183 1300 lumine,
1194 1249 1246 1303 per
1260 1232 1391 1305 quinque
1406 1235 1496 1290 ferme
1506 1253 1764 1315 passuumrepeue

940 1319 1044 1387 millia,
1060 1320 1107 1377 vix
1129 1320 1165 1376 ad
1190 1321 1282 1394 ipsius
1308 1322 1378 1378 edis
1403 1324 1529 1396 sepulcri
1551 1324 1654 1383 limina
1680 1327 1766 1401 quasi

941 1409 1054 1466 decima
1082 1410 1199 1466 tandem
1229 1411 1360 1485 pervenit
1389 1412 1471 1482 hora,
1488 1414 1538 1488 qai
1560 1414 1766 1482 dumvcnieus
1864 1439 1873 1454 ·

940 1517 1057 1558 sacrum
1078 1517 1183 1572 corpus
1209 1501 1318 1557 ibidem
1349 1520 1407 1558 nen
1433 1503 1536 1560 adesse
1561 1505 1764 1578 comperisset,

941 1589 1101 1662 templique
1117 1589 1192 1645 fores
1207 1589 1280 1646 seris
1301 1590 1455 1663 diligenter
1469 1594 1633 1651 difirmatis
1648 1593 1765 1663 clausas

59 1679 157 1730 tanter
179 1675 215 1730 ad
240 1674 420 1729 destinatum
451 1675 547 1730 lucum
577 1675 774 1744 tondentibus,
792 1676 886 1732 omni·
940 1678 1126 1752 perspiceret,
1142 1679 1249 1734 cadens
1264 1679 1294 1734 in
1317 1680 1419 1737 facicm
1444 1699 1533 1754 super
1557 1688 1764 1756 terramque·

58 1768 164 1835 potens
179 1764 256 1820 Deus
271 1763 301 1818 in
318 1762 407 1835 hujus
422 1763 588 1820 charissimi
613 1765 658 1821 sui
675 1764 886 1836 glorificatione
940 1768 1008 1822 dam
1024 1765 1262 1839 presumptionis
1273 1768 1765 1841 importunitate,sanctitatisaures

58 1850 886 1927 fontcmsuoebenignitatisaclargitatisabundcdignatus
942 1855 1123 1912 clandestino
1139 1856 1226 1928 coepit
1249 1855 1376 1914 clamore
1392 1858 1520 1930 pulsare,
1536 1863 1595 1916 tam
1612 1877 1766 1936 magonae

58 1941 885 2014 estcifundorc:utvivlinguaquaeliboteffarivaleat‚
941 1962 1122 2017 conquerens
1142 1945 1241 2001 labore
1265 1945 1428 2019 fatigatum,
1446 1965 1499 2004 nec
1525 1948 1580 2006 sibi
1610 1951 1670 2007 fore
1699 1968 1764 2025 per·

58 2047 125 2102 quae
140 2030 196 2086 hoc
211 2033 281 2086 tunc
296 2029 398 2086 itinere
414 2047 466 2103 per
490 2031 554 2103 ipsa
584 2048 655 2102 pene
682 2037 887 2090 momentanea
941 2034 1066 2091 missum
1082 2034 1178 2090 videre
1193 2033 1297 2091 saltem
1313 2034 1442 2092 loculum
1458 2037 1533 2094 sacri
1543 2038 1674 2113 pignoris
1684 2040 1766 2114 baju-

58 2125 143 2193 gesta
158 2119 320 2192 probantur
334 2119 473 2176 horarum
498 2119 665 2176 interstitia.
682 2121 756 2176 Nam
772 2125 885 2177 tantam
940 2123 1013 2192 lum,
1030 2124 1079 2195 qui
1094 2129 1192 2179 tamen
1208 2124 1272 2196 ejus
1288 2125 1344 2181 sibi
1360 2143 1446 2198 posse
1471 2128 1624 2185 subvenire
1653 2129 1765 2187 celsum

59 2209 206 2266 Dominus
221 2208 269 2264 hic
283 2213 420 2280 operatus
444 2213 488 2264 est
517 2208 572 2264 hac
601 2208 647 2265 die
676 2208 885 2265 miraculorum
941 2212 1766 2290 nequaquamdiffideretp1·esidium.'faliadeniquedum

61 2297 371 2371 magnitudinemzut
391 2296 445 2353 viri
470 2302 603 2370 quatuor,
621 2298 886 2354 feminaevercnc·
940 2301 1030 2357 tacita
1057 2317 1156 2356 secum
1186 2300 1298 2357 volutat
1328 2307 1433 2370 mente,
1451 2303 1555 2360 salutis
1576 2305 1658 2378 vigor
1672 2305 1766 2378 ipsius

59 2404 125 2444 vem
150 2387 257 2455 visum,
280 2386 335 2442 viri
364 2403 480 2459 qnoque
507 2388 566 2443 duo
594 2403 729 2461 gressum
759 2387 886 2459 recipere
940 2407 992 2462 per
1007 2389 1140 2446 membra
1168 2406 1285 2462 quoque
1313 2390 1423 2447 sensim
1451 2392 1540 2465 erepit
1565 2392 1692 2467 irrepere
1706 2395 1767 2468 pri·

60 2480 254 2534 mererentur.
268 2477 340 2531 Cum
367 2476 456 2546 liujus
483 2476 583 2548 itaque
604 2476 885 2549 preclaregratula·
940 2495 1065 2551 eoasque
1093 2482 1191 2551 stupet
1220 2478 1308 2536 simul
1338 2479 1470 2536 omnium
1486 2497 1518 2537 se
1533 2481 1609 2539 vires
1624 2500 1766 2541 sensuum

58 2566 150 2622 tionis
177 2564 369 2620 admiratione
400 2565 428 2619 in
453 2565 600 2622 civitatem
616 2567 651 2621 ad
668 2565 820 2622 ecclesiam
835 2566 885 2621 Dei
940 2568 1766 2649 recupera1·c.Cumquerumoropcrationishujuscequi,-

58 2655 214 2713 Gcnitricis
230 2654 427 2727 prosperrima
441 2654 608 2726 pervenitur
622 2654 886 2710 exsultatione.Sic·
940 2656 1372 2714 busdamnuntiantibusnures
1383 2657 1765 2738 percelleretplurimcrum,

59 2763 116 2819 que
132 2745 253 2801 lucerua
276 2744 337 2799 haec
365 2744 467 2800 lucens
493 2749 522 2799 et
545 2745 650 2799 ardens
666 2742 840 2799 aeternaliter
855 2743 886 2798 in
940 2745 1072 2801 certatim
1084 2743 1192 2816 quique
1203 2749 1387 2815 procurrunt,
1400 2745 1574 2801 admiranda
1588 2747 1638 2803 Dei
1648 2766 1767 2821 magna·

58 2834 162 2891 altaris
181 2834 297 2891 sistitur
319 2831 477 2906 crepidine.
494 2833 569 2888 Duru
598 2831 704 2906 praesul
733 2832 823 2905 igitur
849 2832 885 2888 od
940 2832 1297 2905 lialretantesaspiciuut,
1314 2838 1434 2890 ovanter
1451 2833 1765 2903 hominemadlocum

59 2924 239 2981 sacrandum
259 2922 363 2977 vivifici
393 2939 503 2976 munus
526 2922 636 2977 accedit
660 2922 802 2995 mysterii,
819 2923 885 2994 quis
939 2923 1095 2978 venerandi
1120 2921 1246 2995 sepulcri
1271 2922 1445 2994 perducunt,
1462 2939 1621 2995 campanas
1635 2925 1764 2999 pulsant,

59 3017 122 3067 tam
140 3012 264 3067 ferreum
282 3014 392 3083 pectus,
411 3016 470 3066 tam
487 3010 633 3083 lapideum
654 3028 702 3066 cor
717 3011 817 3084 gessit,
835 3011 885 3083 qni
940 3012 1115 3070 laetabundis
1125 3012 1182 3067 Deo
1194 3010 1420 3068 laudesvocibus
1431 3012 1766 3086 intonantlluJ'usmira·

59 3119 119 3156 non
149 3099 276 3173 gemitus
305 3100 412 3167 ederet,
439 3103 540 3172 pectus
569 3100 714 3169 tunderet,
741 3100 884 3172 lacrymas
941 3102 999 3157 culi
1025 3100 1149 3173 permoti
1179 3100 1257 3154 fama
1288 3099 1509 3172 quamplurimi,
1526 3103 1646 3159 domum
1662 3108 1765 3176 petunt

59 3191 205 3257 funderet,
236 3189 307 3242 dum
334 3192 393 3242 tam
424 3186 569 3258 stupenda
606 3185 770 3244 divinorum
810 3164 1079 3254 donacecclesia,
1095 3190 1192 3246 videro
1217 3188 1367 3261 cupientes
1391 3190 1540 3263 magnalia
1557 3192 1618 3262 Dei,
1634 3193 1765 3251 videntes

61 3279 275 3335 charismatum
291 3277 493 3348 conspiceret?
509 3276 579 3343 Quis
595 3277 702 3332 etenim
714 3282 805 3348 ‘queat
820 3293 888 3332 cnu-
941 3285 974 3335 ut
989 3279 1142 3335 audierant
1170 3278 1333 3333 divinarum
1358 3278 1442 3351 signa
1457 3279 1610 3349 virtutum,
1627 3282 1764 3338 manibus

61 3385 175 3424 morare
190 3367 331 3422 mirorum
344 3365 458 3437 copiam
484 3363 598 3422 caelitus
614 3365 661 3421 hic
676 3383 710 3421 ea
724 3366 770 3422 die
786 3367 888 3439 profu·
941 3371 1090 3441 gratanter
1100 3369 1130 3422 in
1141 3366 1246 3423 crolum
1259 3367 1399 3438 porrectis
1410 3368 1585 3424 benedicunt
1596 3371 1763 3428 Dominum.

61 3457 151 3513 sam‘l
165 3458 254 3512 Nemo
282 3472 381 3511 revera
410 3455 459 3526 qui
482 3453 576 3509 valeat
591 3455 726 3527 expedire
742 3472 885 3524 sermone,
909 3446 912 3451 ’

61 3552 135 3620 quot
164 3550 336 3618 egrotantes
365 3544 471 3610 sanati,
500 3548 571 3615 quot
599 3544 759 3599 titubantes
788 3543 885 3612 erecti,

61 3640 136 3709 quot
151 3636 214 3707 ipsa
238 3633 283 3688 die
308 3633 429 3689 diversis
452 3632 499 3687 hic
514 3637 584 3688 sunt
599 3631 732 3687 cladibus
748 3632 886 3689 absoluti.

942 3458 1022 3524 Quod
1039 3457 1110 3511 diva
1124 3456 1315 3529 benignitatis
1330 3456 1506 3512 miraculum
1520 3457 1603 3514 valdo
1619 3463 1686 3514 tunc
1701 3476 1766 3532 pro-

941 3546 1032 3602 fuisse
1047 3544 1229 3618 dignoscitur
1244 3545 1279 3599 ad
1296 3560 1395 3599 eorum
1425 3543 1573 3614 solatium,
1590 3547 1641 3618 qui
1656 3565 1687 3604 se
1701 3564 1764 3612 corf

942 3635 1080 3708 poraliter
1095 3634 1188 3690 deseri
1204 3637 1285 3688 tanto
1301 3633 1497 3703 querebantur
1512 3636 1764 3708 patron03quibus

101 3723 227 3781 LlellV.
243 3723 310 3778 Post
320 3720 433 3793 expleta
444 3721 634 3794 mysticorum
646 3721 829 3777 discedentes
840 3739 886 3778 sa·
942 3729 1039 3779 tamon
1069 3722 1233 3796 specialiter
1258 3738 1289 3778 se
1313 3739 1371 3777 non
1388 3722 1499 3792 deesse,
1515 3722 1566 3778 tali
1582 3725 1697 3796 pietatis
1712 3744 1765 3800 pa·

62 3810 692 3884 crematurabantquipperepeteresua.Sed
701 3810 777 3866 inter
786 3811 887 3867 absce-
941 3818 1024 3870 tratre
1040 3811 1196 3869 declaravit
1209 3809 1328 3866 indicio.

61 3903 193 3959 dendurn
216 3900 315 3956 minax
339 3900 408 3956 oriri
431 3901 573 3957 territatio
589 3917 595 3956 :
614 3901 706 3956 nubes
720 3900 885 3970 teterrima,
978 3901 1171 3959 Lxxxvuln
1183 3900 1306 3956 ecclesia
1317 3917 1433 3974 quoque
1443 3901 1532 3958 beatae
1541 3901 1590 3957 Dei
1598 3901 1763 3974 GenitriciS,

62 3988 267 4060 terribilesque
282 3988 748 4061 consurgcrc‚truculentapolum
765 3987 888 4062 caligine
942 3992 992 4048 ubi
1016 3991 1178 4046 venerabile
1205 3990 1299 4046 Patris
1328 3989 1418 4061 hujus
1448 3990 1618 4046 servabatur
1646 3992 1764 4065 pignus,

61 4078 207 4145 claudere,
217 4077 322 4132 micare
334 4075 460 4150 fulgura,
471 4093 642 4149 concrepare
652 4076 790 4146 tonitrua,
800 4094 887 4150 gran·
941 4077 1076 4136 nonnulli
1105 4078 1211 4132 diversi
1236 4078 1336 4149 egroti
1361 4081 1432 4133 suut
1454 4077 1571 4133 interim
1592 4080 1685 4136 curati
1701 4081 1764 4138 lan·

61 4168 159 4239 doque
188 4165 283 4221 solum
313 4165 464 4221 verberare
492 4167 578 4237 coepit
599 4183 657 4222 non
680 4165 812 4235 minima,
830 4183 887 4238 qno
941 4166 1182 4242 guoribus.Nam
1209 4165 1329 4237 quidam
1345 4165 1464 4220 nomine
1478 4165 1589 4222 Natalis
1604 4167 1639 4223 dc
1655 4169 1765 4224 Burde-

61 4262 173 4313 terrore
187 4254 318 4327 percussi
334 4255 444 4312 rediere
459 4255 888 4329 plurimi,clementiamdepre·
942 4274 1024 4325 neco,
1042 4255 1148 4311 mulier
1169 4254 1258 4309 etiam
1283 4253 1361 4308 dicta
1385 4254 1558 4327 Teutberga,
1575 4254 1644 4310 item
1659 4255 1766 4315 mulier

61 4351 164 4402 cantes
191 4344 347 4414 altissimi,
378 4351 522 4420 quatenus
556 4347 644 4418 hujus
680 4345 887 4402 intercessione
941 4347 1032 4404 altera
1060 4344 1178 4400 nomine
1205 4341 1468 4414 Guntildis,hujus
1490 4343 1650 4416 patrocinio
1671 4344 1764 4404 Patris

61 4435 157 4491 Patris
171 4435 333 4492 beatissimi
352 4441 533 4493 mererentur
548 4437 583 4492 ab
600 4436 646 4492 his
661 4435 887 4492 imminentibus
940 4437 1036 4492 visum
1066 4434 1194 4507 recipere
1221 4429 1476 4498 meruerunt,alia
1500 4433 1765 4509 quadamquoquc
1848 4475 1854 4486 .

59 4523 202 4599 periculis
222 4524 295 4581 erui.
311 4525 417 4581 Mirum
435 4526 464 4580 in
482 4525 601 4581 modum
618 4526 808 4598 perturbatio,
823 4541 886 4598 quae
901 4535 924 4599 D
941 4523 1151 4582 mulierculas
1167 4521 1243 4578 oculi
1268 4521 1364 4578 visum
1381 4522 1411 4577 in
1427 4523 1528 4579 eadem
1544 4523 1630 4579 domo
1646 4540 1766 4598 recupe-

58 4619 202 4672 terrcrem
217 4614 391 4683 incusserat,
411 4613 572 4682 immutari,
589 4615 712 4671 nubium
727 4613 885 4670 clarescere
941 4614 1015 4672 ravit
1030 4616 1185 4671 amissum.
1202 4612 1339 4678 Quadam
1368 4615 1506 4684 praterea
1533 4611 1631 4684 puella
1658 4630 1765 4688 cogno·

58 4703 267 4768 tenebrositas,
291 4720 406 4759 cessare
435 4702 562 4775 fulgura,
590 4703 717 4777 mitigari
744 4703 883 4771 tonitrua,
940 4705 1019 4762 mine
1030 4701 1194 4775 florgildis,
1207 4716 1240 4756 ex
1250 4699 1319 4756 villa
1329 4718 1392 4773 quae
1402 4701 1666 4759 vocaturCaucella
1679 4721 1765 4762 secus

58 4797 226 4865 cunctaque
246 4792 341 4850 sedari
371 4792 457 4865 coepit
472 4811 504 4848 ae
521 4792 656 4864 dissipari
672 4797 840 4865 tempestas,
856 4797 886 4850 et
941 4793 1058 4850 Libram
1071 4789 1198 4847 rivulum
1215 4790 1281 4858 sita,
1294 4793 1419 4862 quatuor
1433 4789 1549 4847 circiter
1563 4793 1656 4850 atatis
1672 4810 1765 4851 annos

56 4881 180 4939 extraci
191 4881 368 4939 conversain
380 4881 572 4953 exoptabilem
585 4880 712 4954 pluviam
732 4881 883 4953 grandine,
940 4899 1054 4957 gerens,
1066 4880 1238 4937 lubricando
1249 4880 1385 4952 prolapsa
1394 4883 1552 4952 utrumque
1563 4881 1618 4937 sihi
1629 4897 1705 4954 genu
1718 4883 1765 4938 do-
1856 4901 1859 4904 ⁴

25 5029 36 5037 ,
57 4968 175 5028 telluris
191 4970 317 5027 ubertim
334 4969 580 5042 superficiesque
592 4969 681 5025 nimio
698 4968 768 5026 solis
784 4976 886 5027 exusta
941 4971 1104 5028 bilitaverat
1121 4987 1127 5023 :
1145 4969 1186 5024 ita
1208 4969 1311 5026 clauda
1333 4969 1418 5038 facta,
1435 4974 1467 5025 ut
1481 4971 1600 5026 omnino
1617 4987 1669 5025 uec
1683 4986 1763 5043 gres.-

58 5059 433 5132 fervebatnrdore,perfusa
442 5060 566 5115 fecundo
578 5058 734 5114 salubriter
745 5059 885 5115 refovere·
941 5078 1007 5119 sum
1036 5061 1136 5133 figere,
1149 5076 1201 5114 nec
1226 5059 1350 5131 pedibus
1373 5059 1481 5115 valeret
1507 5059 1658 5128 insistere;
1674 5076 1763 5132 quam

58 5153 109 5204 tur
123 5147 256 5204 humore.
274 5149 380 5220 Sicque
395 5147 548 5204 manifeste
564 5146 695 5221 dignosci
710 5147 796 5203 datur
809 5147 885 5204 indi·
941 5154 1076 5223 parentes
1087 5150 1162 5220 ejus,
1172 5146 1305 5220 quamvis
1318 5149 1508 5221 paupere5,de
1519 5147 1657 5220 sospitate
1664 5153 1762 5226 tamen
1816 5218 1820 5225 ι

58 5238 209 5310 gnationis
217 5239 251 5294 ad
261 5238 363 5294 horam
371 5236 514 5294 concitata
522 5236 885 5309 permotiosalutisimmu·
940 5239 1033 5313 ipsius
1044 5235 1170 5306 solliciti,
1178 5253 1230 5309 per
1238 5237 1367 5293 diviorsas
1378 5237 1488 5292 deferre
1499 5239 1666 5291 sauctorum
1678 5254 1762 5294 cura

56 5331 122 5384 tata
134 5327 277 5384 subsidia.
294 5327 425 5399 Denique
453 5327 656 5400 benignissimi
679 5325 772 5381 Patris
795 5325 885 5399 hujus
939 5330 1043 5383 verunt
1058 5323 1206 5382 ccclesiae.
1223 5327 1276 5382 Ast
1301 5326 1350 5381 ubi
1371 5326 1434 5396 Jom
1458 5339 1510 5396 per
1533 5322 1687 5380 duodecim
1703 5323 1762 5391 fero

56 5416 165 5473 solatio
178 5417 270 5474 totius
286 5418 356 5473 dira
379 5417 470 5489 pestis
496 5416 604 5473 uostris
632 5417 748 5472 videtur
774 5416 884 5474 finibus
939 5431 1084 5473 annorum
1107 5415 1237 5487 spatium
1253 5414 1305 5470 tali
1319 5415 1470 5469 vexaretur
1485 5408 1634 5486 languoris
1649 5412 1762 5473 acerbi.-

51 5504 211 5567 eliminata
240 5507 415 5580 corruptio:
445 5503 571 5562 salubris
600 5523 660 5573 aer,
690 5504 788 5579 pluvia
816 5505 884 5563 data
938 5510 1008 5572 tate,
1025 5520 1077 5560 nec
1092 5504 1257 5559 remedium
1273 5500 1380 5558 doloris
1404 5503 1504 5574 posset
1518 5498 1761 5574 invenire300m-

55 5610 248 5671 congruens:
267 5593 536 5670 timoretiam,qai
558 5610 682 5672 regnum
706 5597 883 5671 pervaserat,
937 5594 1055 5672 periens
1082 5592 1118 5652 dc
1147 5591 1286 5652 relatione
1314 5588 1390 5650 sacri
1418 5588 1559 5667 corporis,
1580 5605 1761 5673 operamque
