3810 6098
101 247 161 306 227
572 245 764 306 lllNCblAlll
790 243 1013 306 {tirunensis
1037 244 1345 305 dllCillliPlSCOPl.
1753 244 1811 306 228

103 379 157 451 13),
175 378 276 449 utique
291 376 341 450 qui
358 376 504 433 neminem
521 376 582 432 vult
598 376 701 449 perire,
719 377 800 449 cupit
822 393 923 448 pecca·
938 376 965 443 Α
981 375 1118 448 Legimus
1134 375 1277 448 scriptum
1293 376 1323 431 in
1339 374 1465 432 Jemmia
1482 391 1488 431 :
1506 374 1666 431 Maledictus
1682 377 1733 448 qai
1745 376 1814 446 facit

101 472 179 524 tores
190 467 391 540 penitentiam
403 482 498 537 agere,
511 470 539 521 et
550 483 600 538 per
613 465 812 537 paenitentiam
830 466 926 521 deirae
980 482 1062 536 ‹vpcra
1085 466 1135 520 lici
1158 466 1328 534 negliganter
1351 470 1421 533 (lcr.
1438 482 1535 532 savin,
1553 464 1606 536 10).
1625 464 1770 536 Legimus
1784 470 1814 521 et

101 556 236 613 advitam
248 555 369 611 redire.»
382 555 454 610 item
471 554 499 609 in
515 554 640 627 epistola
655 555 794 610 adversus
809 555 824 610 J
829 556 926 611 udaeos
979 553 1010 609 in
1022 553 1186 627 Evangeliis
1202 554 1364 625 seriptum:
1382 553 1464 609 Ocurri
1477 553 1674 610 eaimltabcnti
1688 553 1811 622 debitae,

100 645 141 701 ila
168 645 262 700 dicit:
289 643 462 714 «Surrexit,
493 643 641 716 inquiens,
671 643 813 698 Dominus
840 644 925 699 tertio
979 650 1006 698 ct
1020 643 1194 698 abundabit:
1215 650 1240 698 et
1261 644 1309 714 qui
1333 658 1387 698 aaa
1415 642 1504 709 habet,
1528 644 1612 698 etiam
1637 641 1709 714 qaod
1733 642 1816 700 haist

100 734 156 801 die,
174 731 288 804 aperuit
304 735 511 804 testamentum
535 748 653 799 norum,
669 735 757 803 atque
773 731 813 786 ita
827 731 900 786 dixit
916 748 923 786 :
980 732 1124 803 auferetur
1139 733 1172 786 ab
1187 747 1218 787 ea
1233 731 1332 803 (licut.
1345 748 1409 799 xxv,
1420 731 1477 803 29).
1493 731 1568 803 Ergo
1584 730 1699 787 habens
1715 730 1812 786 abun-

99 820 317 888 Venite,exterae
327 825 428 893 gentes
443 820 573 876 haerodes
588 820 755 891 mei,1srael
771 821 851 877 enim
867 837 925 876 nou
980 819 1221 893 dabit.Propheta
1231 837 1287 876 non
1300 823 1344 876 est
1354 819 1497 876 obnoxius
1512 818 1811 876 maledicticniscon·

100 909 260 965 obaudivit.
286 911 468 982 Quapropter
490 909 538 974 ite,
564 907 710 980 discipuli,
736 908 765 964 in
790 909 925 965 ultimam
980 908 1096 975 ditioni,
1113 909 1254 981 quianon
1280 907 1462 982 negligenter
1484 925 1574 981 opera
1588 908 1639 965 Dei
1654 909 1727 983 egit,
1743 925 1810 966 eum

100 1015 194 1071 usque
210 1003 328 1065 terram,
345 1002 374 1053 et
388 998 542 1071 predicate
562 1014 614 1070 per
628 998 727 1053 orbem
743 997 789 1053 his
804 997 899 1054 avcrbis
916 1016 922 1055 :
979 998 1139 1053 totocorde
1155 996 1340 1070 perquirens.
1356 996 1466 1054 Deinde
1480 996 1664 1054 confidenter
1685 997 1762 1070 petit
1776 1015 1810 1055 ue

99 1088 201 1144 Venite
231 1088 361 1159 undique
388 1086 487 1158 putria
517 1086 660 1159 gentium,
678 1085 715 1142 ite
731 1086 759 1141 in
785 1091 923 1143 eternam
979 1083 1812 1159 arnandatisDeirepellatur,quiaeumtotoeordeper·

99 1177 309 1242 hereditatem,
328 1175 414 1231 lsrael
427 1176 505 1231 enirn
516 1174 619 1231 noluit.
631 1175 689 1230 Nec
704 1175 818 1231 dubitet
833 1177 899 1248 quis
915 1193 922 1233 :
980 1173 1084 1247 quirat.
1095 1174 1262 1229 Secundum
1278 1173 1433 1247 Evangelia
1448 1172 1526 1229 euim
1541 1173 1662 1230 habenti
1677 1174 1811 1244 dabitur,

99 1265 179 1322 nulla
194 1264 241 1320 hic
256 1264 386 1336 exceptio
402 1268 512 1331 estnec
529 1263 705 1333 ingenuitas,
716 1281 768 1319 nee
783 1264 921 1336 dignitas,
978 1267 1006 1319 et
1022 1263 1048 1318 ei
1064 1262 1113 1335 qui
1130 1279 1187 1318 non
1204 1263 1292 1318 habet
1321 1261 1450 1317 etiamid
1467 1262 1544 1334 quod
1560 1262 1651 1318 babet
1664 1262 1810 1319 auierlur.

99 1371 151 1410 nec
180 1351 367 1416 conditionis,
390 1367 443 1409 noc
467 1350 633 1423 positionis,
659 1367 712 1405 nec
736 1351 846 1417 fornice,
871 1367 924 1407 neo
980 1354 1055 1409 Deus
1070 1352 1161 1424 igitur
1175 1368 1233 1407 non
1249 1352 1346 1408 aufert
1360 1351 1417 1407 nisi
1434 1368 1491 1407 non
1508 1351 1809 1422 habenti‚seeundum

98 1442 201 1498 atatis.
219 1442 298 1497 Licet
312 1440 454 1513 dignitate
470 1438 706 1511 magnifici,licet
720 1438 843 1506 nobiles,
856 1439 925 1496 lieet
978 1441 1057 1513 quod
1072 1456 1165 1512 neque
1182 1439 1295 1513 repellit
1310 1438 1367 1496 nisi
1383 1439 1590 1513 negligentem.
1606 1441 1688 1496 Adeo
1709 1445 1808 1498 autem

98 1549 192 1598 senes,
209 1530 276 1586 lieet
287 1530 421 1600 juvenes,
441 1545 593 1600 pauperes,
615 1527 728 1598 divites,
746 1527 824 1596 boni,
840 1528 922 1584 muli·
978 1528 1287 1601 bonitateplenusest,
1300 1527 1694 1584 uthabentemabundantia
1705 1546 1808 1587 mune·

96 1637 164 1693 que,
187 1618 298 1674 domini
323 1623 411 1690 atquae
438 1617 523 1684 servi,
550 1616 749 1672 indifferenter
773 1616 923 1689 aqualiter
978 1622 1058 1674 retur
1074 1635 1080 1673 :
1098 1618 1169 1673 adeo
1185 1633 1251 1673 vero
1267 1633 1325 1671 non
1340 1614 1402 1672 vult
1417 1633 1596 1689 qsremquam
1613 1634 1671 1673 nou
1687 1616 1808 1690 babere,

95 1708 214 1764 introite
229 1707 258 1761 in
276 1706 485 1761 hereditatem.
503 1705 563 1760 Etsi
588 1704 694 1760 debilis
718 1709 877 1777 captasse,
893 1708 960 1814 etB
978 1710 1077 1762 utnon
1090 1705 1207 1761 habenti
1225 1706 1322 1777 ipsum
1338 1706 1416 1776 qued
1428 1704 1807 1764 babetadimat.Nemiuem

95 1813 213 1870 corpore
229 1794 377 1861 deformis,
394 1795 448 1851 etsi
466 1793 583 1850 macula
595 1793 700 1867 turpis,
717 1798 745 1849 et
760 1793 854 1865 capite
870 1794 921 1849 de·
976 1795 1067 1867 igitur
1081 1795 1136 1849 nisi
1152 1794 1334 1850 obnitentem
1350 1793 1626 1866 repellit‚nemiuem
1643 1794 1703 1851 nisi
1719 1795 1807 1868 negli-

93 1888 198 1955 ieotus,
216 1885 269 1942 etsi
300 1884 392 1940 oculis
422 1883 728 1950 viduatus,unirersis
750 1882 923 1938 liberalicet
976 1888 1090 1956 gentem
1102 1882 1805 1956 rejicit.llaneenimprophetaprotuliteausam,

94 1975 280 2032 discumbere
296 1974 326 2029 in
342 1971 483 2038 convivio,
498 1976 527 2027 et
541 1972 653 2044 epulari
670 1972 788 2043 nuptias
804 1971 919 2044 Sponsi.
975 1990 1028 2028 cur
1043 1990 1073 2029 sc
1086 1990 1144 2028 uon
1160 1971 1260 2043 repelli
1276 1971 1452 2028 amandatis
1472 1971 1522 2027 Dei
1539 1976 1720 2043 precaretur,
1736 1973 1805 2046 quia

93 2065 247 2121 Neminem
265 2063 384 2135 pudeat,
400 2079 453 2118 nee
475 2062 579 2130 atatis,
597 2078 649 2117 nee
664 2060 850 2127 humilitatis,
868 2077 921 2116 nec
976 2080 1033 2117 non
1050 2080 1082 2116 ex
1100 2066 1191 2133 parto,
1209 2079 1303 2133 neque
1318 2078 1370 2133 per
1394 2060 1537 2116 desidiam
1566 2060 1741 2129 Dominum,
1754 2063 1804 2118 sed

93 2153 280 2219 valetudinis,
298 2168 350 2208 nec
366 2150 552 2207 conditionis.
564 2149 720 2206 Consuevit
732 2150 810 2206 enim
822 2149 920 2205 Domi·
977 2156 1036 2206 toto
1052 2151 1138 2206 corde
1152 2149 1314 2221 quaesisset.
1329 2149 1382 2205 Per
1396 2149 1474 2222 quod
1491 2148 1689 2221 intelligimus
1704 2166 1771 2206 eum
1787 2167 1804 2206 a

94 2261 150 2299 uus
167 2239 337 2313 hujusmodi
363 2239 497 2295 homines
522 2238 686 2294 sustinere:
705 2256 772 2294 nam
788 2243 816 2294 et
837 2238 921 2294 cecis
975 2239 1123 2295 mandatis
1139 2237 1249 2311 repelli,
1267 2239 1317 2311 qui
1333 2256 1385 2311 per
1399 2238 1520 2293 multam
1546 2237 1694 2294 incuriam
1718 2239 1805 2294 inerit

93 2331 192 2387 oculos
207 2328 343 2395 restituit,
359 2333 387 2383 et
397 2327 518 2383 claudos
528 2327 679 2383 ambulare
695 2326 770 2394 iecit,
788 2331 816 2381 et
830 2325 921 2381 mutis
974 2328 1113 2400 indignus
1128 2328 1243 2382 admitti
1257 2346 1263 2395 ;
1280 2333 1308 2383 et
1322 2331 1404 2383 extra
1417 2326 1578 2383 inhibentis
1600 2326 1744 2383 invidiam
1759 2333 1804 2384 est

93 2435 258 2477 sermonem
273 2417 442 2486 reddidit,et
452 2416 617 2473 maculosos
633 2416 832 2478 exundavitet
846 2433 921 2470 mor·
975 2419 1052 2491 quod
1065 2417 1099 2472 de
1110 2417 1196 2488 eulpa
1210 2415 1406 2493 proficiscitur
1420 2433 1477 2472 non
1495 2417 1665 2473 merentis.»
1682 2417 1719 2473 ut
1733 2417 1802 2473 item

94 2514 161 2564 turos
177 2507 340 2562 suscitavit.
352 2506 410 2561 Nee
423 2504 522 2560 timeto
541 2505 588 2577 qui
609 2505 745 2576 pereatis,
757 2504 867 2576 priores
882 2505 918 2559 ad
975 2508 1052 2563 idem
1069 2508 1098 2561 in
1125 2506 1226 2560 cariem
1258 2505 1599 2576 psalmo(inhcth‚paal.
1618 2507 1801 2576 maranisi:

92 2597 182 2653 vitam
191 2596 286 2653 venite
299 2613 305 2662 ;
317 2612 369 2650 nee
379 2593 733 2666 quilromicidiuurlaeserit
739 2597 839 2666 pumat
850 2592 921 2665 qnia
974 2622 988 2647 «
1005 2595 1191 2651 ltiscricordia
1217 2604 1274 2661 tacit,
1299 2596 1422 2660 uanae,
1445 2596 1527 2666 plena
1547 2602 1586 2649 est
1600 2603 1687 2651 sirmia.
1702 2596 1801 2660 Terra,

94 2681 917 2754 iecerat,neoluratusalienadesperetquiainvolaverat,
973 2682 1296 2756 inquit,miserieo1·dia
1319 2683 1369 2738 Dei
1396 2682 1483 2754 plena
1506 2687 1560 2751 est,
1577 2699 1643 2754 quae
1658 2683 1802 2739 contami·

93 2791 146 2830 nce
161 2772 337 2846 publicanus
352 2772 453 2827 timeat
469 2771 538 2843 quia
553 2775 742 2827 concusserat
758 2788 764 2826 z
781 2771 919 2828 omnibus
974 2779 1051 2839 nata,
1061 2790 1125 2844 que
1136 2778 1283 2843 corrupta,
1295 2789 1358 2845 quae
1369 2770 1541 2843 irreligiosa,
1555 2788 1620 2842 quae
1630 2770 1801 2843 infidaque

93 2863 172 2919 enim
184 2860 318 2918 remissio
330 2863 513 2932 peecatorum
523 2863 629 2914 statute
639 2863 711 2915 est.»
728 2861 918 2931 Etpastpau·
973 2861 1088 2935 perdita
1102 2863 1156 2917 est.
1168 2861 1203 2916 Et
1218 2860 1241 2916 si
1257 2859 1324 2933 quis
1340 2861 1413 2916 lorte
1426 2859 1546 2916 audebit
1561 2858 1653 2932 impio
1670 2876 1721 2917 ore
1736 2877 1801 2932 pro·

93 2969 141 3009 ea:
158 2973 172 3003 a
182 2950 326 3008 Dominus
336 2965 386 3005 eos
396 2949 509 3021 placide
528 2948 730 3022 alloquebatur
741 2948 786 3004 his
797 2948 893 3004 xerlris
910 2964 916 3004 :
973 2951 1092 3024 phetam
1108 2948 1252 3005 mendacii
1267 2954 1550 3021 arguere,tanquam
1566 2947 1666 3003 nonin
1683 2965 1799 3005 omnem

94 3042 185 3098 Venite
198 3040 234 3097 ad
247 3057 301 3109 oie,
317 3056 409 3095 maaca
428 3041 476 3111 qai
498 3038 549 3095 aab
572 3055 652 3095 oiacrc
680 3039 820 3109 tisicratis,
836 3045 861 3093 ct
872 3052 919 3108 aaa
972 3046 1079 3096 terram
1087 3037 1463 3111 Deimisericordiamputet
1473 3055 1537 3094 esse
1548 3036 1800 3104 diffusam,l)eum

92 3147 138 3187 aas
153 3132 284 3200 reficiam.
301 3130 347 3184 list
372 3129 446 3184 caira
469 3129 569 3200 jupam
598 3145 688 3183 accam
714 3127 863 3199 placidam,
892 3118 952 3185 etC
972 3130 1001 3184 iu
1018 3127 1181 3201 Evangeliis
1202 3126 1310 3182 recolat
1333 3126 1440 3183 dixisse
1456 3143 1463 3181 ε
1479 3128 1566 3183 Estote
1581 3126 1734 3183 torriaicut
1746 3127 1800 3181 ra-

93 3236 161 3275 mas
186 3219 355 3273 tcaissimum
379 3215 706 3283 (orcita.x1,2s).soa
735 3216 768 3270 lit
798 3230 918 3285 respon·
972 3226 1012 3274 ter
1022 3225 1115 3283 uester,
1128 3218 1176 3289 qai
1189 3217 1273 3272 sotem
1286 3233 1368 3271 suurn
1382 3217 1453 3272 oriri
1472 3216 1540 3287 [coit
1562 3232 1646 3286 saper
1672 3217 1756 3271 bonos
1773 3222 1799 3271 et

94 3307 218 3361 derunt:
231 3305 294 3358 Non
315 3303 479 3358 audiemus.
497 3303 552 3357 Sed
568 3307 669 3372 gentes
684 3302 876 3356 exaudierunt
891 3306 920 3356 et
971 3306 1067 3374 matos,
1084 3314 1110 3361 ct
1121 3307 1194 3378 ptuit
1208 3322 1289 3377 saper
1297 3307 1386 3377 justos
1401 3313 1427 3361 et
1441 3307 1555 3378 injustos
1570 3305 1681 3376 (ΜαίῑΙι.
1698 3321 1727 3376 v,
1743 3306 1798 3376 115).

94 3391 281 3449 crediderunt
295 3392 381 3446 verbo
397 3389 529 3445 salutari.
540 3413 552 3439 a
566 3391 600 3445 Et
611 3392 798 3462 postpauca:
813 3413 826 3439 (ι
844 3389 920 3445 vivit
972 3394 1176 3451 leuparicus
1191 3394 1269 3450 enim
1286 3398 1314 3450 et
1328 3392 1494 3450 misericors
1509 3392 1674 3460 Deus,dum
1690 3392 1802 3450 mavult

95 3499 183 3555 quem
195 3479 378 3546 interfecisti,
390 3479 481 3551 impia
499 3477 688 3549 llierusalcm,
704 3484 732 3534 et
747 3484 843 3534 tamen
860 3497 920 3535 noa
973 3483 1173 3556 paenitentiam
1191 3488 1375 3556 peccaterum
1395 3499 1485 3555 quam
1501 3486 1637 3550 mortem,
1653 3482 1733 3538 dona
1748 3499 1802 3539 sua

94 3574 185 3626 lotam
202 3587 284 3643 spem
297 3568 450 3641 denegavit
462 3567 613 3623 Dominus.
622 3568 705 3623 baia
716 3567 793 3623 enim
805 3568 918 3624 veniam
973 3580 1033 3629 tam
1041 3572 1132 3644 justis
1148 3588 1236 3643 quam
1248 3570 1368 3643 injustis
1381 3561 1680 3645 largitunuuic'uiqne
1690 3588 1742 3644 per
1751 3587 1801 3643 pa·

97 3658 284 3734 poenitentiae,
312 3658 336 3713 si
353 3657 558 3730 quoquomodo
573 3657 668 3728 possis
684 3657 832 3728 penitere.
849 3658 920 3724 Quis
974 3660 1210 3730 tientiamlonga
1222 3658 1802 3733 aequanimitatispoesiitonditempusim·

94 3755 154 3806 tam
172 3750 267 3804 bonus
278 3747 292 3802 ‘l
307 3746 374 3819 quis
390 3749 449 3801 tam
467 3744 556 3816 prius?
571 3745 639 3816 quis
654 3750 714 3801 tam
731 3746 920 3804 misericors?
974 3750 1111 3823 perticus.
1123 3772 1137 3797 a
1149 3749 1183 3804 ht
1195 3748 1264 3803 item
1279 3748 1356 3805 idem
1369 3750 1407 3821 (in
1423 3749 1521 3816 mmcd,
1535 3749 1609 3821 psal.
1621 3765 1720 3817 exvur,
1731 3749 1778 3818 89)
1793 3763 1801 3803 :

94 3838 209 3910 Accipe,
223 3835 330 3906 inquit,
353 3833 488 3901 salutem,
505 3832 572 3889 licet
588 3850 634 3889 me
650 3835 811 3905 occideris3
828 3836 920 3891 hares
976 3838 1676 3911 «121atamen,bamasmpermancaacrousntaam
1689 3836 1802 3893 incaeb.

95 3931 158 3981 esto
178 3941 245 3980 cum
270 3921 391 3995 virgine.
409 3922 489 3978 Licet
513 3940 569 3977 non
595 3924 744 3992 merearis,
761 3924 879 3996 ignosco
895 3923 919 3980 si
975 3929 1006 3985 lu
1017 3926 1150 3983 hisenim
1161 3931 1301 3998 tanquam
1311 3927 1339 3982 in
1352 3927 1423 3982 caulo
1434 3927 1554 3982 verbum
1570 3926 1623 3982 Dei
1639 3930 1802 3999 permanet,

96 4012 230 4086 poeuites.
247 4034 262 4061 a
974 4016 1123 4088 inquibus
1139 4015 1192 4070 hoc
1207 4015 1328 4070 verbum
1344 4032 1402 4071 non
1419 4015 1576 4071 offenditur
1589 4013 1801 4085 ira‚ebrietate,

131 4103 237 4159 Beatus
266 4101 394 4157 Hilarius
421 4101 522 4157 doctor
547 4101 721 4167 catholicus,
738 4102 787 4174 qui
804 4106 922 4174 propter
975 4104 1377 4172 odio,intidelitatedasciriis.
1389 4105 1463 4160 Nam
1478 4107 1507 4159 et
1521 4104 1546 4159 si
1563 4103 1726 4176 aliquando
1743 4120 1803 4158 ma·

94 4191 283 4249 excellentem
293 4189 457 4246 doctrinam
472 4189 783 4246 Romanorumluciier
793 4190 920 4262 appella·
975 4200 1025 4251 net
1040 4195 1069 4249 in
1084 4193 1178 4259 nobis,
1192 4197 1291 4249 tamen
1305 4193 1358 4248 has
1373 4193 1601 4250 cohabitationis
1623 4209 1684 4248 sue
1701 4195 1801 4248 contu·

95 4286 154 4354 tur,
169 4297 317 4354 exponens
333 4297 449 4336 versum
471 4278 578 4335 Psalmi
594 4297 691 4349 cxvrn,
709 4297 766 4353 qao
789 4280 919 4336 dicitur:
975 4283 1078 4340 melias
1094 4299 1151 4337 non
1175 4281 1240 4350 sert,
1257 4285 1290 4337 ut
1314 4299 1431 4354 semper
1456 4282 1552 4339 inesse
1574 4285 1759 4354 permaneat.
1773 4277 1803 4336 Si

94 4372 126 4428 ln
136 4370 281 4428 totocorde
296 4386 353 4427 meo
372 4371 510 4443 acquisivi
524 4377 558 4437 te,
574 4386 609 4426 ac
624 4370 739 4441 repellas
750 4386 794 4425 nac
808 4387 825 4424 a
839 4386 921 4424 mao—
975 4390 1041 4430 vcro
1052 4372 1113 4427 haee
1128 4371 1597 4444 commemorataritiasemperin
1608 4370 1802 4437 nobiserunt,

96 4460 165 4516 datis
194 4463 249 4516 tuis
275 4460 318 4528 (ia
344 4460 413 4529 teat,
435 4459 506 4532 psat.
541 4475 637 4526 cxvnr,
667 4460 720 4526 10),
747 4457 789 4513 ita
825 4458 919 4514 dicit:
935 4479 1028 4555 Duce
1044 4459 1164 4517 introire
1180 4459 1298 4532 quidem
1314 4460 1591 4534 pollutacorporum
1603 4458 1805 4517 domiciliadi·

96 4571 110 4598 «
123 4548 425 4620 competerebonitati
437 4548 487 4605 Dei
499 4566 555 4605 non
567 4547 690 4616 videtur,
701 4547 920 4604 ntunrandatis
977 4549 1125 4626 gnabitur.
1142 4550 1232 4605 Adest
1261 4555 1359 4605 autem
1389 4550 1550 4622 uuicuique
1578 4548 1759 4622 proximum,
1775 4550 1805 4604 ut

97 4633 160 4690 suis
175 4651 353 4706 quemquam
368 4635 501 4707 repellat;
514 4636 743 4693 sedsermonum
759 4636 883 4708 adjectio
894 4640 923 4692 et
978 4640 1087 4697 dietum
1105 4645 1158 4694 est.
1175 4638 1239 4693 Stat
1264 4638 1342 4694 enim
1367 4640 1402 4695 ad
1426 4639 1537 4694 ostium
1560 4639 1684 4694 verbum
1700 4636 1763 4705 Dei,
1777 4640 1805 4693 et

95 4721 188 4776 virtus
200 4722 367 4786 verborum,
383 4739 446 4794 que
461 4741 494 4779 cx
511 4725 641 4796 perlecta
653 4724 837 4798 caelestisque
852 4725 922 4781 doe·
978 4729 1076 4803 pulsat
1087 4725 1195 4784 ostium
1208 4728 1312 4782 anime
1323 4732 1439 4796 nostrae,
1453 4733 1482 4783 et
1496 4726 1568 4783 dicit
1583 4743 1590 4782 ε
1606 4728 1674 4784 Ecce
1687 4723 1806 4784 suasca

96 4809 179 4866 trine
190 4808 301 4865 ratione
313 4810 519 4881 dispositacst,
539 4812 611 4867 nihii
628 4813 843 4881 dubium‚nihil
858 4832 923 4870 con·
976 4821 1076 4876 ostium
1088 4819 1178 4890 palso.
1195 4816 1226 4872 Si
1247 4818 1308 4888 pais
1329 4817 1646 4888 superimminentem,
1663 4814 1807 4887 ingrediar

97 4896 220 4954 tracium
232 4896 261 4951 in
273 4913 305 4952 so
320 4896 474 4964 habetoui
488 4916 555 4971 ergo
571 4902 734 4955 secundum
750 4902 922 4974 prophetam
977 4909 1012 4964 aa
1027 4925 1089 4964 erim
1105 4907 1196 4980 (Apcc.
1212 4921 1255 4972 ru,
1271 4907 1328 4973 20).
1344 4905 1414 4961 Vult
1437 4921 1506 4977 ergo
1532 4921 1648 4976 semper
1672 4903 1805 4971 introire,

97 4985 923 5060 mavultpoccatorumpaenitentiamquan1m01·tcm‚nun·
978 4999 1029 5054 sed
1042 5015 1058 5052 a
1071 4996 1155 5052 nobis
1169 5012 1204 5050 ne
1220 4994 1345 5050 introeat
1359 4994 1534 5050 excluditur.
1543 4993 1719 5050 claudimus
1727 4991 1807 5049 enim

97 5075 167 5148 quid
183 5073 397 5130 existimandus
415 5078 460 5129 est
475 5093 492 5131 a
507 5067 653 5131 mandatis
669 5076 731 5132 suis
744 5094 922 5152 quemquam
978 5104 1028 5159 per
1039 5085 1099 5141 haec
1115 5083 1243 5156 eorporis
1255 5082 1323 5138 vitia
1334 5083 1438 5139 anime
1454 5089 1559 5140 nostre
1573 5080 1808 5148 aditumouaesi

97 5162 262 5238 repellere?
278 5162 379 5218 Procul
405 5164 444 5218 sit
466 5161 545 5218 istud
565 5164 741 5220 existimare.
757 5165 813 5222 Sed
830 5186 922 5240 neque
977 5175 1097 5248 ceperit
1111 5172 1279 5229 emundatis
1293 5172 1431 5228 omnibus
1447 5177 1555 5245 patere,
1568 5171 1703 5228 introibit
1718 5169 1808 5227 modo

97 5254 152 5310 hoe
163 5269 241 5309 nuno
253 5251 395 5326 propbeta
409 5251 511 5319 sensit,
523 5252 649 5308 maxime
660 5253 709 5324 qui
720 5252 749 5309 in
763 5259 822 5311 toto
837 5259 923 5315 eorda
977 5261 1112 5334 solistani
1123 5260 1231 5317 clausis
1247 5261 1378 5329 fenestre
1389 5261 1480 5317 valvis
1492 5261 1611 5317 introire
1623 5258 1808 5333 prohibetur,

98 5341 191 5397 Deum
207 5340 404 5414 perquisierit.
421 5340 476 5396 Sed
501 5341 647 5397 absolutio
671 5340 876 5400 difficultatum
892 5347 922 5403 in
978 5351 1146 5425 patentibus
1157 5367 1223 5405 rere
1240 5353 1317 5405 totus
1332 5348 1581 5424 immittitur.lpse
1595 5348 1717 5422 quidem
1733 5363 1811 5405 sem·

99 5427 145 5484 his
157 5429 478 5503 ipsisrequirendaest,
489 5430 642 5503 exquibus
658 5429 774 5486 videtur
788 5434 921 5494 existere.
977 5458 1029 5516 per
1040 5445 1072 5496 ut
1083 5438 1230 5496 illuminet
1240 5444 1392 5512 promptus
1400 5441 1509 5507 est,sed
1517 5440 1617 5497 lumen
1630 5437 1689 5494 sibi
1700 5438 1810 5497 domus

100 5514 243 5601 Propheta
251 5517 328 5580 euim
340 5518 410 5599 quid
418 5519 581 5583 senseritin
590 5521 728 5597 promptu
738 5524 782 5582 est
792 5538 921 5589 noscere.
977 5530 1042 5609 ipsa
1057 5527 1200 5590 obseratis
1220 5524 1347 5589 aditibus
1371 5527 1508 5593 excludit.
1524 5531 1576 5593 list
1589 5525 1670 5591 emm
1684 5525 1812 5597 rubum
