3810 6098
53 316 114 384 441
415 316 466 380 Di}
486 315 868 381 PnAEuusuluuuouu
891 311 1153 376 ulssuuaanlo
1174 307 1407 372 Possumne.
1703 300 1764 371 tit

56 453 129 528 quia
144 452 282 510 liberanti
300 467 353 508 nos
364 451 487 508 Domino
498 450 710 507 consentimus.
723 449 804 505 Unde
816 448 886 503 Pau·
900 448 924 514 Α
990 445 1062 495 Sicut
1077 443 1265 516 ellimlisslmess
1278 441 1366 490 ⁰⁰¹¹⁰⁸
1380 439 1450 490 illei
1464 437 1541 512 fideli!
1555 437 1657 511 filiali

56 543 107 600 ¹1¹³
133 559 202 599 eum
226 541 346 604 diest·
366 541 555 597 iotanae
581 541 639 595 aare
662 540 789 596 anau
813 537 886 592 un.
944 501 1730 630 ⁸’ttiusttel¹t¹0tasttluttdttttttttt,2

56 634 131 701 roni,
143 632 216 689 m
237 648 273 686 ne
290 628 403 687 labores
419 647 489 685 suos
503 629 558 686 sibi
576 628 713 685 tribuisse
730 628 885 692 videretur,
988 610 1180 704 sic-‘insequuti
1195 631 1323 702 virtutum
1337 604 1363 676 e'i
1374 605 1599 735 ’ΐτιιιζᾳοιιιζῗηῑοει,Ι
1619 689 1626 734 t

56 721 195 792 «auum
211 737 218 775 =
234 721 295 776 ron
308 728 408 819 a
426 736 483 792 a
499 720 546 776 c
560 727 648 818 aaa
672 720 851 817 aalma
866 717 889 777 <1
989 694 1539 806 tuinuunnanneuentus
1555 700 1617 736 u
1630 700 1654 743 a

56 808 335 877 Cor.xv,10).0n1a
356 826 434 864 enim
450 813 672 880 prevenientem
689 808 738 862 Dea
763 811 886 879 gratiam
988 821 1088 875 pipere,
1105 833 1138 867 ne
1153 818 1247 867 curisti
1263 817 1317 865 siut
1330 815 1450 886 „hemia
1465 812 1577 861 feraces.

56 898 121 971 ipse
138 899 227 955 etiam
253 898 344 954 libero
363 898 484 953 arbitrio
500 897 594 952 lucrat
617 897 806 965 subsecutus,
822 898 887 966 apte
989 883 1109 1002 {biblii
1124 873 1557 1005 2⁰51ffifflglflhggsstlfflssssnefffflssffs
1566 885 1664 985 ffifflr

199 1119 206 1145 ἱ
343 1118 346 1125 ’
1224 1129 1253 1138 ..
1519 1124 1524 1134 .
1604 1122 1609 1132 .

59 1171 376 1326 grsffitzgtraffis.
390 1164 527 1311 »gidengln
543 1164 662 1308 ibiibi?
674 1164 889 1307 irffiesimo?t2r·
988 1131 1260 1305 {iiffiirisinubiqiitib
1269 1123 1731 1298 iiiiiiiiibibis‘iffigiiiiiitmu

174 1296 181 1310 .
247 1271 272 1309 t«
368 1272 405 1309 on
530 1271 643 1318 meino
667 1270 697 1308 rc
733 1270 815 1308 nmet
873 1269 888 1307 c
998 1273 1002 1288 ·
1056 1260 1688 1305 meniusniieosnnnnumcnmmenunusne
1733 1280 1740 1305 ,

60 1343 83 1398 εἰ
100 1347 200 1442 uere
224 1343 388 1400 oneretur
405 1345 447 1443 a
464 1344 625 1443 carenum
653 1341 784 1414 raons
808 1342 889 1442 uu
988 1319 1053 1429 aa
1068 1311 1639 1437 ttatitulun*taiiuuuunuau

60 1437 174 1488 ratione
189 1433 358 1505 compellor,
375 1450 445 1505 qma
459 1449 501 1488 eis
520 1433 636 1488 debitor
649 1449 684 1488 ex
704 1448 758 1488 sua
776 1437 889 1487 actione
989 1444 1080 1492 Vexari
1094 1456 1188 1505 pinnas
1214 1442 1296 1491 illaeso
1311 1440 1390 1488 corde
1405 1450 1546 1486 manemus

59 1537 117 1576 non
134 1525 245 1578 teneor.
262 1521 373 1578 Idcirco
392 1522 472 1577 enim
492 1538 678 1593 nequaquam
696 1520 822 1576 caelestis
838 1538 888 1592 pa·
989 1483 1120 1555 Libertate
1134 1479 1247 1567 agluba.
1263 1503 1309 1551 aad
1326 1502 1446 1551 libertate
1461 1471 1607 1560 redem'pta,

63 1611 125 1664 trie
140 1611 261 1683 premia
281 1617 388 1666 interm
405 1609 580 1683 percipiunt,
590 1610 659 1683 quia
673 1626 708 1665 ea
723 1627 801 1665 nunc
816 1611 887 1664 dum

66 1698 219 1769 promereri
236 1704 371 1771 poterant
392 1716 427 1755 cx
447 1699 538 1756 libero
557 1699 678 1756 arbitrio
703 1705 887 1770 contempse-

67 1792 142 1843 runt.
150 1788 230 1855 Quod
241 1787 377 1844 videlicet
388 1787 512 1845 liberum
523 1789 678 1844 arbitrium
690 1788 719 1843 in
732 1791 807 1843 bono
818 1805 884 1860 ope·
900 1816 923 1881 B

68 1880 142 1931 ratur
155 1876 264 1943 electis,
277 1894 345 1932 cnm
359 1895 460 1933 eorum
477 1894 560 1933 mens
570 1895 588 1933 a
599 1878 721 1934 terrenis
732 1878 885 1934 desideriis

988 1567 1034 1617 Cui
1049 1568 1119 1616 Datus
1134 1571 1173 1616 est
1187 1572 1281 1615 rector.

942 1657 976 1711 Et
990 1655 1060 1711 item
1076 1656 1105 1711 in
1121 1655 1222 1711 eodem
1238 1658 1308 1727 (rap.
1328 1654 1371 1721 15)
1388 1668 1394 1707 :

989 1754 1019 1801 Et
1033 1767 1081 1801 nos
1095 1753 1145 1800 ista
1159 1752 1245 1815 inquit
1259 1750 1389 1801 sentimus
1403 1747 1436 1798 de
1451 1746 1570 1796 bonitate

984 1815 1020 1864 Ae
1035 1817 1131 1864 virtute
1147 1815 1203 1872 Dei,
1219 1827 1271 1877 quo
1287 1814 1314 1862 ni
1327 1814 1472 1874 foveatque
1487 1812 1614 1920 regennae
1666 1867 1672 1878 .

985 1877 1057 1935 Oaros
1072 1883 1157 1936 vocat,
1174 1881 1285 1926 eltutus
1301 1879 1410 1938 peccato
1429 1876 1567 1935 [iresteta
1600 1882 1685 1926 omui,

72 1965 155 2035 qratia
169 1965 317 2038 aspirante
338 1966 538 2037 suspenditur.
555 1968 667 2022 Bonum
684 1967 791 2040 quippe
807 1968 883 2038 quod
985 1941 1043 1988 ΝΜ
1059 1954 1107 1988 ⁵¹¹³
1122 1939 1238 1988 mhi
1253 1951 1415 2001 <quenquam
1430 1933 1583 1998 prudentia,
1598 1944 1649 1981 ⁰⁰⁰
1664 1943 1691 1979 ΒΘ

76 2053 186 2124 agimus,
196 2059 226 2109 et
240 2054 291 2109 Dei
307 2059 360 2120 est,
372 2059 401 2110 et
418 2059 561 2112 nostrum.
575 2056 624 2112 Dei
639 2073 691 2128 per
705 2057 884 2128 praevenien-

79 2147 125 2197 tem
135 2143 266 2215 gratiam,
276 2148 410 2200 nostrum
421 2161 473 2216 per
481 2146 691 2217 obsequentem
703 2145 824 2200 liberam
836 2163 883 2200 vo·

82 2230 215 2287 luctuum.
228 2232 258 2288 Si
271 2232 349 2288 enirn
360 2233 410 2288 Dei
426 2251 484 2289 non
499 2242 552 2301 est,
565 2236 642 2289 undo
655 2234 680 2289 ei
698 2234 727 2289 iu
742 2239 883 2289 aternum

85 2319 172 2390 potins
185 2320 323 2392 agimus?
338 2339 455 2378 rursum
472 2321 496 2377 si
517 2327 649 2378 nostrum
667 2342 721 2378 utin
738 2324 884 2390 ostonde

88 2408 151 2464 uobis
160 2408 276 2465 retribui
290 2411 408 2481 parantia
418 2412 590 2484 speramus?
601 2413 673 2477 Ouia
684 2430 751 2484 ergo
764 2430 820 2467 non
833 2413 884 2466 im-

88 2497 168 2553 merito
180 2498 289 2571 gratias
311 2499 437 2572 agimus,
454 2500 565 2556 seimus
580 2501 658 2573 quod
679 2502 744 2572 ejus
765 2518 884 2557 munere

89 2587 255 2655 prevenimur
272 2604 278 2642 :
295 2592 324 2644 et
340 2606 468 2655 rursum,
486 2589 627 2661 quianon
645 2589 790 2646 immerito
806 2589 886 2645 retri-

89 2671 211 2730 butionem
227 2677 397 2747 quaerimus,
409 2677 519 2734 scimus
539 2679 617 2750 quod
636 2679 834 2751 subsequente
850 2678 884 2733 li-

90 2759 139 2817 bere
151 2762 266 2819 arbitrio
282 2765 358 2820 bona
372 2763 514 2838 elegimus
525 2783 589 2838 qua
599 2782 782 2838 ageremus.»
792 2767 827 2820 Et
842 2782 886 2821 vc-

90 2852 209 2908 uerendus
221 2852 364 2909 Aleuinus
388 2854 418 2909 in
442 2855 583 2926 opusculo
598 2856 793 2927 questionum
817 2855 883 2910 libri

10 2990 12 3001 ,
91 2936 216 3008 boemos,
233 2943 270 2997 ad
293 2942 439 3013 sigulfum
459 2944 672 3017 presbyterum,
689 2944 884 3016 interrogatus

90 3028 210 3086 curhomo
221 3030 318 3086 lactare
329 3037 373 3087 est
384 3031 466 3088 liberi
479 3033 601 3101 arbitrii,
614 3033 765 3105 respondit
777 3050 800 3088 t«
813 3033 886 3098 Quia

10 3156 12 3163 .
90 3115 160 3173 uoluit
171 3119 287 3175 Creator
308 3121 457 3176 hominem
473 3120 630 3192 cujuslibet
644 3139 742 3178 creare
757 3139 883 3187 seruum,

89 3209 198 3274 quemad
215 3209 374 3281 imaginem
391 3227 475 3265 suam
491 3210 567 3277 lecit,
579 3216 724 3283 quatenus
739 3228 773 3266 cx
788 3210 885 3266 volun-
900 3186 922 3252 C

10 3352 12 3359 ,
88 3294 142 3351 torio
155 3296 226 3352 bono
249 3296 406 3355 laudabilis
426 3304 587 3371 appareret,
604 3299 647 3355 vel
663 3301 794 3372 appetitu
810 3298 887 3354 malo

88 3379 247 3442 damnabilis.
257 3387 292 3441 Et
309 3386 506 3459 interrogatus
520 3405 573 3443 cur
587 3389 692 3443 tentari
704 3390 781 3444 Deus
797 3388 889 3443 homi·

88 3483 134 3526 uem
148 3474 287 3544 permisit,
295 3491 382 3546 quem
398 3476 563 3531 consentire
579 3478 758 3548 presciebat,
772 3495 888 3549 respon·

87 3557 133 3615 dit:
147 3562 216 3629 Ouia
235 3581 348 3635 magnac
373 3563 470 3620 laudis
486 3583 541 3619 nito
559 3571 645 3634 esset,
664 3567 687 3621 si
713 3567 775 3621 ideo
800 3566 887 3621 homo

10 3702 12 3709 ,
88 3663 127 3704 non
142 3652 373 3724 peccasset,qnia
384 3654 459 3710 male
471 3654 564 3709 lacere
576 3673 633 3709 non
651 3655 802 3726 potuisset.
815 3657 887 3711 Nam

87 3737 189 3794 etbodie
205 3741 271 3796 siue
295 3740 511 3798 intermissione
528 3761 580 3814 por
602 3744 770 3800 uniuersum
796 3762 889 3817 grurus

10 3836 12 3845 ·
86 3820 224 3884 humanum
235 3847 270 3885 ex
284 3830 399 3887 insidiis
411 3831 518 3887 diaboli
533 3832 667 3889 homines
682 3839 842 3906 tententur,
855 3831 890 3891 ut

85 3928 109 3968 ei
119 3933 146 3973 eo
158 3918 261 3975 tentati
273 3919 367 3975 virtus
383 3921 533 3993 probetur,
545 3926 573 3977 et
587 3921 686 3994 palma
702 3940 760 3979 non
770 3942 890 3981 consen-

85 4001 159 4064 tientis
173 4007 331 4081 gloriosior
344 4014 493 4082 appareat.
510 4011 545 4066 ut
570 4010 605 4066 de
629 4012 798 4083 quastione,
816 4032 888 4085 quo·

85 4096 148 4152 uodo
161 4097 386 4169 intelligendum
402 4098 451 4164 sit,
463 4098 518 4154 Sab
533 4107 558 4156 tc
568 4102 621 4156 crit
635 4102 769 4171 appetitos
783 4104 851 4174 ejas,
864 4097 891 4161 cl

987 2003 1106 2050 Perllciet
1119 2001 1182 2049 solis
1197 2004 1299 2050 catinae
1312 2000 1414 2048 viribus
1428 1997 1508 2046 alliis.

986 2066 1037 2114 Sed
1048 2065 1113 2127 qnia
1124 2063 1179 2125 jam
1195 2063 1221 2111 in
1233 2063 1311 2112 uobis
1319 2067 1346 2111 et
1355 2061 1423 2110 velle
1434 2062 1460 2108 et
1469 2057 1539 2107 nolle
1550 2059 1669 2105 creatum
1682 2056 1732 2112 est,

985 2127 1146 2189 arbitriique
1161 2127 1201 2174 sni
1216 2139 1269 2189 quo
1284 2125 1343 2173 vult
1356 2121 1495 2172 intendere
1510 2124 1599 2170 uictus

986 2189 1103 2238 Libertas
1119 2188 1201 2237 accita
1215 2191 1309 2251 petest,
1326 2186 1465 2249 potuitque
1481 2196 1531 2245 per
1545 2194 1636 2230 aurem

984 2251 1088 2300 liuticio
1103 2250 1200 2304 cordis,
1215 2264 1269 2313 quo
1284 2249 1415 2298 iurandum
1431 2244 1615 2309 proposuisset

984 2313 1100 2362 Curisilio
1114 2313 1215 2361 salvare
1231 2314 1308 2369 Deus,
1323 2325 1397 2360 niens
1412 2309 1496 2358 excita
1512 2308 1622 2359 lonunm

985 2376 1104 2424 Excutiat
1118 2389 1251 2429 scilianum,
1268 2388 1350 2438 seque
1365 2373 1404 2421 illi
1419 2370 1517 2420 subdat
1531 2372 1557 2417 et
1571 2368 1653 2429 aptet,

985 2438 1034 2496 Qui
1049 2437 1171 2500 ‹tripidom
1187 2441 1214 2486 et
1227 2437 1307 2484 lltlarm
1323 2435 1453 2498 promisse
1467 2433 1493 2482 in
1508 2431 1607 2495 guardia
1621 2429 1711 2478 duent.

938 2527 973 2581 Et
987 2526 1016 2580 in
1032 2526 1106 2580 libro
1121 2527 1157 2580 de
1173 2524 1355 2581 Providentia
1371 2523 1469 2579 divina
1485 2538 1492 2577 τ

1157 2657 1330 2672 .....
1364 2621 1440 2670 Dedit
1453 2620 1569 2683 optimus
1585 2619 1679 2666 auctor

987 2688 1041 2736 lloc
1055 2685 1157 2735 homiui
1172 2685 1285 2747 speciale
1300 2684 1390 2733 decus.
1401 2684 1520 2745 Cumque
1535 2680 1629 2730 omnia
1641 2678 1724 2727 verbo

985 2749 1126 2805 Conderet,
1142 2749 1213 2796 lianc
1228 2747 1360 2804 inanibus,
1377 2744 1526 2794 substantia
1540 2742 1640 2805 duplex

984 2811 1118 2874 integitur,
1134 2811 1215 2871 inque
1231 2823 1310 2858 unam
1326 2812 1424 2857 coeunt
1436 2805 1569 2856 contraria
1582 2803 1673 2851 vitam.

986 2875 1103 2933 Namque
1118 2874 1206 2920 nutrita
1221 2886 1251 2920 ex
1268 2870 1348 2920 nullis
1363 2872 1392 2918 nt
1407 2874 1502 2918 cratera
1516 2867 1643 2928 rignum,
1655 2874 1750 2924 expers

986 2936 1119 2990 interitus,
1136 2935 1185 2982 uisi
1201 2934 1273 2996 equod
1288 2932 1402 2982 Domino
1417 2929 1567 2979 cruciabilis
1583 2926 1628 2975 uni
1644 2929 1692 2983 ost,

985 2998 1017 3046 nt
1031 3012 1076 3045 rea
1090 2997 1157 3045 terre
1173 2999 1260 3059 potest
1275 3008 1381 3058 [ienuam
1398 2993 1448 3042 siib
1462 2991 1571 3040 nomine
1585 2986 1686 3046 niortis,

984 3062 1181 3121 Terrenamque
1196 3059 1290 3120 illapsa
1304 3056 1421 3112 domum,
1433 3054 1480 3103 dat
1493 3053 1582 3102 vivere
1597 3062 1687 3099 seeum

985 3124 1149 3178 consortem,
1167 3124 1194 3170 et
1207 3121 1307 3183 pariter
1321 3118 1442 3167 divinum
1458 3115 1564 3165 haurire
1579 3124 1716 3176 vaporem.

987 3187 1039 3233 Nee
1054 3184 1118 3247 qnia
1131 3183 1267 3231 ‹lissimilis
1282 3195 1368 3230 rerum
1386 3184 1481 3229 notura
1495 3178 1608 3227 duarum
1623 3177 1672 3231 est,

989 3248 1081 3309 nispnr
1095 3245 1213 3293 conditio
1229 3247 1276 3296 est.
1292 3247 1382 3293 manet
1396 3243 1483 3292 exitus
1497 3253 1568 3288 unus
1583 3242 1737 3299 utrumque,

989 3310 1040 3359 Seu
1056 3308 1144 3370 {votior
1156 3307 1208 3370 juri
1224 3307 1354 3356 subdatur
1365 3304 1530 3369 posterioris,

943 3372 1011 3418 ”tl
1027 3372 1077 3421 Seu
1092 3384 1119 3418 se
1131 3370 1237 3431 majoris
1252 3369 1342 3417 virtuti
1355 3367 1484 3417 infirmior
1495 3367 1591 3428 aequet.

989 3434 1034 3482 Est
1048 3432 1117 3481 enim
1136 3433 1274 3480 unitorum
1290 3431 1370 3487 vinei,
1384 3433 1423 3479 est
1438 3431 1465 3477 et
1478 3428 1585 3477 vincere
1598 3437 1687 3487 posse,

992 3497 1119 3544 Prolierre
1136 3499 1162 3542 et
1175 3495 1269 3550 minui,
1284 3507 1396 3555 regnare
1411 3495 1438 3541 et
1453 3492 1562 3553 perdere
1575 3497 1697 3547 reguiam.

989 3560 1048 3607 Non
1063 3559 1126 3620 qiiia
1137 3557 1339 3619 pluseuiquam,
1351 3555 1440 3603 uriuus
1455 3557 1502 3602 out
1516 3553 1542 3600 in
1558 3550 1662 3613 origine
1678 3558 1764 3597 cause

988 3619 1117 3667 Nassa-endi
1134 3618 1281 3675 attulerint,
1298 3623 1344 3666 aut
1360 3617 1412 3665 ulla
1426 3620 1538 3664 externa
1552 3615 1656 3661 erectos

989 3684 1034 3730 Vis
1048 3684 1160 3744 prunum.
1176 3683 1335 3743 ignarosque
1350 3682 1410 3738 agat
1424 3678 1450 3727 in
1467 3676 1621 3726 discrimina
1635 3683 1741 3722 morum
1757 3683 1764 3718 ε

989 3745 1040 3794 Sed
1055 3745 1117 3806 aquia
1132 3744 1198 3792 lilier
1212 3744 1292 3792 laonio
1307 3747 1333 3791 et
1347 3741 1453 3803 sapiens
1466 3740 1616 3790 discernere
1630 3737 1710 3786 rectis

990 3808 1071 3856 l‘rava
1086 3809 1181 3868 potest,
1193 3806 1218 3854 in
1235 3820 1262 3853 se
1271 3805 1343 3853 intus
1354 3804 1455 3853 hebens
1465 3802 1616 3851 discrimina
1627 3813 1726 3853 rerum,

988 3870 1089 3932 iusque
1104 3868 1248 3918 retractatis
1263 3880 1316 3930 qno
1331 3869 1461 3929 temperat
1475 3863 1613 3913 arbitrium
1628 3877 1712 3912 mens.

1222 3990 1333 4030 El‘lLOGl
1352 3981 1443 4029 CAPUT
1459 3989 1487 4027 V.

943 4062 1016 4125 Quod
1039 4062 1104 4111 Deru
1124 4077 1211 4112 omncs
1234 4062 1347 4111 tonitrus
1370 4060 1424 4110 nult
1446 4058 1529 4108 salvos
1548 4059 1617 4123 fieri,
1635 4058 1693 4108 licet
1714 4072 1767 4109 aon

974 4148 1060 4182 omnes
1074 4132 1206 4182 solarentur
1219 4149 1228 4182 .·
1243 4132 1313 4195 quod
1329 4134 1414 4180 orclem
1433 4130 1539 4192 paidom
1559 4129 1702 4188 sulcantur,
1714 4129 1766 4179 rat·

84 4183 282 4278 “immiteris
293 4187 384 4254 illitis,
395 4187 546 4258 respondit
558 4205 565 4242 ἱ
577 4189 651 4255 Quia
661 4192 692 4244 lu
703 4189 786 4246 liberi
799 4209 829 4247 es
846 4210 889 4248 ar·
973 4206 1057 4253 oonlr'a
1071 4206 1104 4253 sit
1117 4204 1222 4262 eloacam,
1238 4207 1262 4252 el
1277 4203 1347 4267 quod
1359 4202 1464 4265 quitiam
1480 4202 1598 4264 poseant,
1611 4201 1646 4248 eii
1657 4213 1766 4264 pereun-

10 4288 12 4297 ·
84 4267 218 4342 bitrii,non
235 4275 326 4332 habet
339 4279 490 4347 peccatum
502 4293 591 4348 snper
605 4283 632 4333 te
648 4279 823 4349 dominium,
836 4283 887 4336 scd
973 4277 1036 4325 lium
1051 4277 1179 4325 acediam.

83 4359 103 4412 u
115 4379 195 4462 super
209 4363 294 4430 illud,
312 4370 341 4419 et
356 4363 385 4418 in
403 4368 453 4419 tue
468 4369 612 4436 potestate
623 4371 677 4433 est,
688 4367 747 4423 sive
758 4386 824 4424 cum
837 4371 887 4425 Dei
977 4374 1101 4430 Sanctus
1117 4372 1291 4428 Caelestinus
1306 4373 1341 4427 ad
1357 4370 1510 4426 Venerium
1526 4372 1555 4424 et
1568 4359 1686 4424 ceteros
1701 4367 1766 4425 Gal-

82 4455 154 4542 pata
167 4469 362 4525 compescere,
380 4452 439 4509 sive
460 4453 590 4525 appetitu
611 4459 662 4510 tuo
682 4458 887 4529 concupiscere
942 4463 1053 4519 licanos
1081 4462 1232 4534 episcopos
1247 4465 1317 4533 (post
1339 4463 1416 4532 epist.
1432 4461 1461 4527 8)
1473 4476 1479 4514 :
1492 4481 1506 4509 «
1524 4457 1765 4513 obsecrationum

81 4534 185 4634 illudltt
200 4540 397 4613 interrogatus
414 4558 476 4613 que
492 4547 536 4597 est
546 4558 613 4597 vera
627 4541 757 4613 libertas,
770 4563 887 4618 rospon-
901 4558 924 4622 ῃ
939 4551 1162 4607 sacerdotalium
1178 4553 1362 4606 sacramenta
1372 4546 1643 4620 respiciamusque
1653 4546 1690 4601 ab
1701 4561 1768 4618 opo·

80 4624 110 4681 nt
123 4645 129 4683 :
144 4629 270 4685 Maxima
285 4630 345 4685 hec
370 4629 490 4686 libertas
506 4635 560 4698 est,
578 4633 686 4688 servire
707 4634 841 4704 justitia,
858 4640 887 4692 et
941 4638 1025 4695 stolis
1037 4640 1152 4700 tradita,
1162 4639 1192 4693 in
1204 4643 1264 4694 toto
1277 4638 1386 4693 mundo
1397 4641 1484 4709 atque
1496 4635 1613 4691 inomni
1623 4634 1767 4692 catholica

77 4723 176 4784 peccato
199 4716 326 4774 liberum
347 4736 421 4774 esse.
435 4742 448 4768 a
464 4721 498 4774 Et
514 4721 636 4792 Prosper
652 4726 761 4777 'contra
786 4722 883 4780 Gallos
938 4727 1067 4784 Ecclesia
1078 4728 1265 4783 unilormiter
1277 4727 1514 4791 celebrantur,ut
1524 4725 1617 4799 legem
1629 4725 1766 4781 credendi

74 4805 141 4878 (resp.
153 4808 181 4875 d)
193 4825 218 4862 z«
238 4806 374 4863 Liberum
400 4808 554 4863 arbitrium
580 4808 652 4864 nihil
677 4827 751 4878 esse,
766 4811 809 4867 vel
825 4830 883 4868 non
938 4816 984 4872 lex
999 4821 1109 4872 statuat
1124 4815 1321 4888 supplicandi.
1334 4816 1406 4871 Cum
1422 4814 1500 4871 euim
1519 4820 1689 4871 sanctarum
1704 4815 1764 4887 ple·

72 4907 301 4994 cesepperperam
322 4896 430 4952 dicitur
445 4915 452 4952 :
470 4898 520 4953 sed
546 4901 613 4953 ante
636 4897 882 4957 illuminationem
938 4905 1020 4961 bium
1037 4905 1176 4976 praesules
1192 4907 1331 4961 mandata
1350 4905 1405 4960 sibi
1427 4905 1571 4978 legatione
1592 4905 1764 4976 iunguntur,

68 4981 127 5040 lldoi
142 5001 171 5039 m
188 4984 326 5052 tenebris,
339 4986 423 5041 idest
437 4984 465 5040 in
483 4987 587 5042 umbra
598 4988 701 5043 mortis
717 5005 811 5060 agere,
825 5006 882 5045 non
938 4995 1015 5066 apud
1030 4993 1163 5049 ‘divinam
1189 4993 1374 5048 clementiam
1398 4992 1519 5049 humani
1535 4991 1650 5066 generis
1674 4995 1765 5063 agunt

66 5077 136 5128 recte
150 5077 292 5145 negatur:
309 5073 449 5145 quoniam
465 5075 637 5146 priusquam
653 5094 670 5131 o
685 5077 884 5134 dominatione
938 5087 1112 5147 consumet
1128 5087 1188 5137 tota
1201 5099 1302 5138 secum
1317 5081 1445 5138 Ecclesia
1460 5082 1703 5152 congemiscente,
1716 5094 1765 5150 po·

62 5160 164 5218 diaboli
180 5180 231 5235 per
247 5162 298 5219 Dei
313 5163 439 5236 gratiam
460 5164 608 5231 liberetur,
622 5165 650 5220 in
671 5165 720 5220 illo
741 5168 885 5237 prolnudo
940 5172 1050 5227 stulnnt
1062 5175 1091 5225 et
1107 5176 1264 5242 precantur
1279 5176 1311 5225 ut
1327 5171 1495 5226 inlidelibus
1505 5170 1628 5224 donetur
1638 5166 1719 5234 tides,
1731 5169 1766 5223 ut

56 5251 142 5322 jacet,
160 5252 188 5306 in
204 5253 282 5324 quod
299 5270 330 5308 se
345 5269 400 5308 sua
415 5252 548 5308 libertato
562 5253 709 5308 demersit.
724 5256 884 5311 Arbitrium
939 5259 1097 5315 idololatra
1114 5261 1149 5315 ab
1170 5259 1330 5332 impictatis
1351 5276 1410 5313 sua
1429 5258 1589 5312 liberentur
1604 5253 1762 5322 erroribus,

56 5339 136 5396 enim
152 5340 279 5396 hominis
295 5342 388 5412 gratia
404 5341 454 5396 Dei
476 5359 532 5395 non
550 5341 655 5411 eliciet,
673 5345 721 5397 sed
739 5344 845 5410 adolet,
857 5348 886 5400 et
940 5352 972 5402 ut
985 5347 1095 5402 Judmis
1112 5347 1227 5402 suinato
1244 5344 1490 5402 cordisvelamine
1506 5342 1553 5395 lux
1566 5340 1697 5397 veritatis
1712 5359 1763 5416 ap-

55 5429 93 5484 ab
107 5445 206 5486 errore
216 5431 246 5484 in
257 5430 335 5486 viam
348 5437 508 5486 revocatae
524 5432 645 5501 reducit,
660 5437 690 5486 nt
701 5434 778 5504 quod
791 5451 844 5489 aua
854 5433 886 5489 li-

52 5519 170 5575 bertate
179 5524 242 5574 erat
254 5536 386 5591 pravum,
399 5519 505 5590 spiritu
517 5519 567 5575 Dei
579 5524 681 5591 agento
693 5519 729 5575 sit
742 5527 884 5578 rectum.»

53 5606 222 5663 aciemn
240 5607 313 5663 libro
329 5609 366 5664 de
381 5609 506 5681 iugratis
519 5614 620 5664 contro
636 5609 805 5681 Pelagianos
822 5628 829 5664 ι

939 5441 1050 5509 pareat,
1062 5441 1093 5490 ut
1105 5436 1231 5491 haeretici
1241 5434 1388 5491 catholice
1398 5430 1465 5486 fidei
1477 5427 1653 5500 perceptioni
1665 5431 1764 5504 resipi-

939 5529 1032 5589 scant,
1047 5530 1077 5580 ut
1097 5524 1278 5580 schismatici
1296 5521 1431 5593 spiritum
1456 5516 1587 5572 redivivae
1612 5517 1764 5578 eharitatis

939 5613 1092 5684 accipiant,
1101 5617 1133 5669 ut
1144 5612 1235 5683 lapsis
1246 5606 1420 5681 penitentie
1429 5603 1556 5663 remedia
1564 5606 1762 5682 conserantur,
