3810 6098
94 225 171 288 tote

483 219 674 283 HlNCblAlll
697 219 818 281 Rllllhl.
843 218 1025 281 ansulae.
1048 217 1254 279 OPUSCULA
1277 215 1409 278 vattlt.

1635 180 1802 278 '‘roso

93 371 209 424 nemus,
226 357 260 410 ut
282 370 335 412 nec
357 351 467 427 ipsum,
488 370 541 412 nec
564 353 655 411 alium
678 353 733 410 hoc
758 369 843 427 agera
868 354 917 409 de·
933 353 960 422 Α
974 351 1057 408 atriis
1072 349 1271 421 eeclesiarum,
1284 354 1312 406 et
1332 349 1568 431 presbyterorum
1584 346 1802 417 mansionibus,

129 496 320 572 (Carolidutoi
330 499 371 553 tit.
382 514 465 569 x11‚c.
479 496 578 566 13.)Ut
588 498 671 554 missi
681 497 712 553 in
723 496 841 553 illorum
854 495 921 551 mis·

95 569 196 629 salicis
208 586 309 624 curam
324 568 461 634 habeant,
473 585 510 624 ne
526 569 659 625 homines
676 569 842 636 nostriani
857 567 920 622 alli-

95 639 226 715 quilibet,
234 639 344 699 vicinos
360 658 429 696 suos
445 641 572 712 nrajores
586 640 630 697 vel
647 641 774 696 nriuores
790 645 921 711 temporo

95 712 341 785 estatis,quando
356 713 392 767 ad
408 712 529 768 herbam
545 729 615 768 suos
635 711 763 768 caballos
788 712 920 776 mittunt,

95 784 139 842 vcl
154 789 285 856 tempore
295 783 412 848 hiemis,
424 784 542 865 quando
553 783 746 838 marescalcos
757 782 873 838 illorum
885 783 921 838 ad

96 856 214 915 iodrum
237 854 496 926 dirigunt,vicmos
521 856 646 925 majores
662 854 705 910 vel
729 853 856 910 minores
872 855 921 909 dc·

97 928 265 1003 praedcntur
275 943 282 980 ε
293 930 323 981 et
333 925 358 981 si
369 925 490 998 egerint,
502 926 557 981 hoc
568 926 667 992 etiam,
678 931 710 981 ut
721 926 921 997 prediximus,

96 997 237 1055 veraciter
251 995 335 1052 missi
354 996 446 1052 nostri
470 997 654 1068 investigent,
669 1001 697 1053 et
712 997 796 1052 nobis
812 1014 922 1052 renun-

97 1068 180 1135 tient,
192 1074 225 1123 ut
240 1067 269 1123 in
286 1067 399 1123 seniore
418 1067 471 1122 hoc
496 1069 537 1122 sie
562 1070 752 1124 emendemus
777 1073 923 1140 quatenus

98 1140 233 1197 homines
249 1156 318 1196 suos
333 1140 362 1193 in
382 1143 524 1210 potestate
543 1139 660 1208 habeat,
677 1146 706 1196 et
720 1140 848 1197 contenti
865 1140 923 1196 sint

98 1211 215 1279 debitis,
233 1216 261 1266 et
275 1209 406 1266 indebita
420 1209 527 1281 injuste
543 1229 601 1266 aaa
616 1217 766 1285 appetant.

134 1281 275 1352 (Ladouict'
295 1279 377 1335 catti
401 1283 442 1336 tit.
460 1299 501 1350 ur,
517 1300 580 1354 cap.
596 1286 613 1337 7
629 1289 657 1339 et
670 1285 710 1356 8.)
725 1283 881 1341 Volumus·
892 1288 925 1340 ut

99 1371 146 1410 res
156 1352 355 1423 ecclesiarum,
368 1351 398 1434 in
409 1353 612 1426 cujuscunque
623 1372 711 1483 regno
722 1361 810 1428 caput
825 1356 922 1424 luerit,

100 1429 160 1497 tam
176 1425 212 1481 de
226 1422 444 1495 episcopatibus
458 1441 547 1496 quam
565 1426 600 1481 de
623 1427 659 1482 ab
683 1427 760 1495 otiis,
777 1427 840 1483 sine
864 1427 925 1483 ulla

100 1494 328 1553 contradictione
344 1499 470 1551 rectores
489 1496 620 1568 ipsarum
636 1498 835 1565 ecclesiarum,
848 1499 924 1554 sicut

99 1571 231 1639 tempore
246 1564 346 1622 domni
366 1582 400 1621 ac
424 1567 565 1640 genitoris
589 1570 681 1625 nostri
704 1571 846 1642 lecerunt,
859 1570 924 1627 illas

100 1638 279 1713 possideant.
289 1638 324 1693 ttt
336 1636 405 1709 quia
421 1654 472 1710 per
485 1645 620 1712 vegeant
635 1642 787 1713 tyrannica
800 1659 924 1698 consuc-

975 440 1070 495 ncquc
1085 424 1113 478 in
1136 422 1297 490 Dominico‚
1308 421 1350 478 vel
1368 422 1479 477 l'estrvrs
1494 421 1722 489 dicbus,tenerc
1757 439 1803 476 ra·

975 499 1114 552 sumant:
1127 495 1176 550 scd
1189 495 1286 549 contos
1297 493 1517 548 convenientem
1527 493 1627 549 locum
1639 492 1721 547 consi
1746 498 1803 550 eret

976 571 1004 622 et
1016 566 1143 621 inveniat
1153 566 1202 621 ubi
1215 565 1370 621 stationem
1383 565 1418 619 ad
1431 563 1554 619 niallam
1568 564 1733 620 tenendum
1742 579 1804 621 con·

976 637 1079 695 stituat
1090 653 1096 692 :
1109 637 1179 709 quia
1194 637 1275 692 neilus
1291 641 1335 692 est
1350 635 1389 690 ihi
1403 653 1468 692 reos
1483 634 1591 708 puniri,
1605 635 1657 691 ubi
1669 640 1801 707 respectu

976 710 1079 766 diuinae
1091 709 1255 764 reverentiae
1267 707 1498 764 misericordiam
1510 724 1658 763 consensu
1672 705 1802 764 fidelium

976 786 1005 839 et
1013 783 1128 836 decreto
1136 781 1382 852 praedecessorum
1392 783 1560 835 nostrorum
1570 783 1801 851 consequuntur.

1011 853 1104 921 (latit,
1117 868 1142 907 c.
1154 856 1194 920 8.)
1204 851 1240 906 Ut
1254 852 1336 906 missi
1361 850 1452 907 nostri
1476 849 1648 917 comitibus
1665 856 1695 906 et
1710 850 1802 907 ornai-

977 925 1032 979 bus
1048 922 1213 1004 reipublicae
1237 922 1391 981 ministris.
1405 921 1529 977 firmiter
1542 939 1577 977 ox
1590 922 1680 977 verbo
1707 927 1801 979 nostro

977 996 1161 1062 denuntient,
1178 998 1265 1066 atque
1280 993 1499 1077 precipiant,ut
1509 1009 1526 1049 a
1536 997 1644 1065 quarta
1656 993 1731 1050 teria
1741 997 1802 1049 ante

977 1066 1097 1122 initium
1114 1066 1355 1137 quadragesrmar,
1372 1082 1425 1121 nee
1447 1065 1477 1120 in
1503 1064 1569 1138 ipsa
1590 1069 1701 1136 quarta
1724 1066 1802 1131 teria

978 1155 1071 1209 usque
1082 1143 1148 1210 post
1157 1142 1273 1195 octavas
1283 1135 1538 1202 Paschae,mallum
1547 1135 1591 1192 vel
1601 1135 1747 1209 placitum
1759 1155 1804 1209 pu·

978 1209 1099 1277 blicam,
1107 1209 1164 1264 nisi
1175 1210 1210 1264 de
1221 1208 1376 1264 cctncordia
1387 1211 1415 1264 et
1425 1207 1628 1281 pacificatione
1639 1207 1810 1265 discordan-

977 1281 1063 1348 tium,
1072 1285 1169 1336 tenere
1180 1285 1368 1352 praesumant.
1377 1279 1516 1336 Similiter
1525 1280 1615 1336 ctiam
1627 1285 1761 1352 aquarta
1770 1280 1803 1336 lc·

979 1353 1022 1408 ria
1033 1357 1100 1408 ante
1111 1352 1290 1407 nativitatem
1301 1351 1529 1424 Domini,usque
1541 1355 1609 1424 post
1621 1355 1803 1408 consecratos

979 1423 1041 1479 dies
1056 1425 1229 1481 observent:
1243 1440 1354 1481 necnon
1369 1423 1399 1479 in
1412 1423 1535 1494 je'uniis
1550 1427 1683 1496 quatuor
1697 1428 1804 1495 tempo·

980 1512 1055 1561 rum,
1067 1501 1096 1551 et
1108 1495 1137 1550 in
1150 1495 1361 1568 rogationibus,
1374 1495 1440 1550 simi
1455 1495 1464 1550 i
1475 1495 1681 1552 observatione
1692 1495 1803 1552 eosdem

979 1567 1096 1622 feriatos
1112 1567 1174 1623 dies
1188 1567 1319 1622 venerari
1335 1566 1512 1623 omnimodis
1527 1567 1679 1623 studeant.

1015 1639 1108 1706 (ibid,
1120 1655 1145 1694 o.
1160 1639 1200 1706 9.)
1211 1638 1339 1694 Utmissi
1355 1638 1448 1694 nostri
1458 1638 1598 1694 omnibus
1615 1638 1804 1721 persingulas

100 1709 203 1767 tudine
212 1707 401 1765 irreverentes
412 1709 546 1767 hominos
563 1729 618 1783 pax
629 1718 657 1768 et
667 1713 751 1784 quies
761 1714 924 1786 perturbari
940 1730 964 1795 B
979 1708 1133 1780 parochias
1144 1709 1399 1781 denuntient,quia
1409 1709 1433 1765 si
1446 1710 1613 1783 episcopus
1621 1715 1674 1766 aut
1682 1709 1804 1766 ministri

100 1780 324 1847 solct‚volumus
334 1785 368 1836 ut
380 1781 416 1837 ad
427 1797 643 1855 quemcumque
656 1790 789 1841 nostrum
801 1786 868 1841 talis
879 1803 925 1841 vc·
980 1781 1194 1862 episcoporum,
1208 1799 1260 1854 pro
1274 1781 1449 1841 criminibus
1464 1781 1582 1838 colonos
1597 1781 1806 1855 flagellaverint

981 1869 1049 1909 cum
1064 1853 1165 1926 angle,
1182 1857 1298 1924 proptor
1312 1856 1423 1908 aretum
1439 1853 1574 1921 aliorum,
1593 1858 1624 1909 et
1638 1858 1673 1909 ut
1688 1853 1746 1925 ipsi
1760 1854 1807 1909 cri-

981 1923 1087 1979 minosi
1110 1924 1303 2049 corrigantur,
1320 1941 1387 1980 cum
1411 1924 1461 1980 tali
1478 1923 1657 1982 discretione
1672 1925 1738 1981 sine
1752 1924 1807 1981 ulla

981 1996 1132 2051 occasione
1148 1995 1189 2049 in
1201 1996 1287 2064 obita,
1301 1995 1376 2051 sicut
1390 1995 1419 2050 in
1436 1997 1545 2069 synodo
1558 1995 1742 2052 collocutum
1757 2001 1805 2064 ast,

980 2072 1009 2122 ct
1018 2067 1059 2121 vel
1071 2066 1153 2121 inviti
1165 2067 1366 2138 poenitentiam
1375 2067 1613 2140 temporaiitcret
1622 2067 1809 2151 corporaliter

981 2143 1079 2211 agant,
1094 2155 1128 2193 uc
1143 2137 1319 2194 aeternaliter
1334 2143 1472 2264 pereant:
1490 2138 1515 2195 si
1530 2139 1663 2195 seniores
1678 2156 1807 2211 ipsorum

102 1853 186 1923 nerii,
195 1856 228 1907 ut
241 1853 276 1908 de
292 1852 334 1908 eis
346 1869 410 1924 quac
425 1852 486 1925 egit
500 1853 641 1910 rationem
653 1861 682 1911 ct
692 1856 841 1927 justitiam
856 1858 926 1913 sub·

100 1924 246 1996 terlugerc
262 1925 366 1995 possit,
377 1941 462 1981 acmo
474 1941 508 1980 ex
523 1926 607 1981 nobis
623 1926 707 1982 illum
719 1929 755 1989 ad
767 1928 845 1985 aliud
858 1930 927 1985 rcci-

122 1994 222 2064 iat,vel
238 1994 370 2064 retincat,
383 1995 440 2052 nisi
456 2001 488 2052 ut
503 1997 539 2052 ad
556 2002 663 2053 rectam
679 2000 822 2056 rationem
833 2005 862 2056 et
877 2002 925 2056 de-

100 2013 193 2125 Eitum
208 2067 443 2123 emendationem
468 2070 655 2140 perducatur.
673 2071 708 2125 Et
735 2071 759 2126 si
784 2071 926 2128 rationem

101 2143 210 2194 rectam
227 2139 447 2211 subterfugerit,
459 2156 560 2196 omnes
576 2141 605 2196 in
622 2158 786 2211 commune,
800 2142 829 2197 in
840 2146 926 2216 cujus

101 2225 225 2282 regnum
240 2209 359 2278 venerit,
374 2208 457 2265 illum
477 2216 702 2283 persequantur,
719 2215 810 2270 donec
825 2221 875 2271 aut
891 2216 926 2271 ad

102 2279 246 2336 rationem
262 2281 449 2352 perducatur,
462 2286 512 2336 aut
527 2284 561 2337 dc
576 2300 665 2355 regno
681 2284 821 2341 deleatur.

137 2351 242 2419 (Caroli
267 2352 344 2407 Calui
367 2354 409 2407 tit.
426 2370 502 2418 xxvi,
523 2370 548 2408 c.
564 2354 758 2423 5.)Similitcr
782 2362 811 2411 et
835 2359 871 2413 de
893 2375 927 2413 eo

102 2422 249 2496 agendum
264 2423 377 2494 estqui
393 2441 445 2494 pro
460 2424 558 2496 aliquo
574 2426 689 2497 capitali
705 2432 734 2482 ot
748 2428 865 2500 publico
876 2430 928 2485 cri·

102 2494 181 2549 mine
196 2512 213 2550 a
227 2493 357 2566 quolibet
372 2495 507 2567 episcopo
529 2497 685 2568 corripitur
700 2498 743 2555 vel
760 2517 927 2556 excommu-

101 2565 290 2634 nicatur,aut
316 2570 383 2622 ante
403 2567 734 2626 excommunicationem
759 2571 868 2628 crimen
886 2574 899 2628 l
915 2603 927 2616 ·

101 2635 192 2705 ciens,
208 2653 332 2720 regnum
356 2641 384 2693 et
409 2639 485 2711 rogis
510 2640 639 2712 regimen
664 2647 769 2713 mutat,
786 2660 822 2699 ne
846 2645 927 2700 debi-

101 2712 163 2765 tam
178 2708 381 2835 papantentiam
392 2709 544 2783 suscipiat,
556 2717 606 2767 aut
617 2718 782 2786 susceptam
799 2715 929 2789 legitime

121 2795 232 2852 araga.

101 2797 120 2853 p
137 2852 231 2908 Caroli
255 2851 332 2908 Calui
360 2855 401 2909 tit.
428 2870 466 2919 rx,
482 2870 546 2925 cap.
563 2854 601 2926 l.)
616 2855 856 2913 Denuntiandum
885 2863 929 2915 est

101 2923 251 2988 omuibus,
263 2927 292 2979 et
301 2941 319 2978 a
331 2922 430 2982 missis
441 2925 551 2981 nostris
563 2926 771 2996 ordinandum,
783 2934 816 2984 ut
826 2947 928 2986 omnes

101 2994 228 3051 ecclesia
240 2996 441 3068 etpresbyteri
453 2997 507 3052 sub
521 2997 707 3055 immunitato
718 3017 751 3056 ac
766 3000 927 3074 privilegio,

102 3070 131 3121 et
145 3066 328 3122 ordinatione
343 3073 431 3139 atque
445 3068 635 3141 dispositione
650 3072 854 3144 episcoporum
870 3074 928 3129 sin-

102 3137 238 3265 gularum
251 3138 467 3210 parochiarum,
478 3139 507 3195 iu
518 3141 627 3212 quibas
639 3143 813 3213 consistunt,
827 3162 928 3201 secun·

125 3227 174 3265 um
188 3209 392 3266 auctoritatem
408 3212 588 3279 canonicam,
601 3218 630 3269 et
642 3215 816 3286 capitularia
826 3217 927 3272 domni

103 3280 198 3407 cmlii
213 3281 398 3354 imperatoris
413 3287 443 3339 et
457 3282 496 3355 pii
518 3285 642 3356 Augusti
660 3287 797 3343 Ludovici
812 3305 929 3360 perma-

103 3368 202 3408 nean.

140 3422 232 3491 (tota,
244 3439 270 3478 c.
280 3424 322 3491 5.)
332 3423 368 3479 Ut
378 3424 460 3480 missi
475 3426 567 3481 nostri
583 3425 739 3499 diligenter
752 3428 929 3503 investigent

104 3511 172 3552 eum
188 3492 334 3566 episcopo,
351 3499 379 3550 at
401 3496 529 3568 prelatis
552 3501 809 3567 monasteriorum,
825 3508 853 3557 ot
879 3520 930 3575 per

104 3564 205 3622 iideles
220 3568 248 3621 et
263 3567 486 3624 strenuosviros
498 3570 528 3624 in
543 3587 719 3652 unaquaque
735 3573 882 3644 parochia,
894 3575 930 3630 de

104 3638 193 3695 rebus
207 3638 412 3696 ecclesiasticis
433 3639 463 3695 in
484 3640 598 3697 alodem
618 3644 695 3698 datis
712 3661 719 3697 ε
736 3648 765 3699 ct
780 3645 856 3700 sicat
871 3646 928 3701 eui·

104 3707 242 3765 dentibus
256 3714 285 3766 et
299 3710 376 3766 veris
394 3709 510 3767 indiciis
526 3728 558 3767 ac
579 3713 802 3770 auctoritatibus
818 3732 931 3788 compe-

105 3781 206 3847 rerint,
218 3780 373 3852 diligenter
383 3798 400 3837 a
410 3798 467 3852 quo
479 3786 507 3836 et
517 3782 625 3853 quibus
635 3785 710 3840 data
721 3785 790 3854 sint,
802 3791 830 3841 ct
840 3804 930 3858 quaa·

104 3855 169 3907 tum
185 3851 287 3906 exinde
303 3852 341 3906 sit
363 3851 540 3922 describant,
552 3858 581 3909 et
596 3855 680 3911 nobis
703 3858 880 3924 renuntient,
898 3863 931 3914 ut

105 3938 173 3979 cum
188 3922 311 3977 consilio
326 3921 457 3978 fidelium
474 3928 640 3982 nostrorum
665 3926 719 3983 hoc
744 3930 929 4003 sacrilegium

106 3993 262 4050 emendare
277 4010 424 4050 curemus.

141 4063 235 4134 (leat,
252 4081 277 4119 c.
298 4067 338 4131 6.)
359 4064 395 4121 Ut
419 4064 503 4122 missi
528 4068 619 4124 nostri
644 4086 788 4141 expresse,
814 4076 930 4127 etcum

105 4137 185 4194 omni
201 4136 362 4209 diligentia,
376 4154 443 4193 cum
454 4137 590 4211 episcopo
605 4143 633 4196 et
647 4142 773 4213 praelatis
787 4149 931 4199 monaste·

105 4209 228 4278 riorum,
239 4208 437 4291 persingulas
452 4210 606 4282 parochias
625 4213 776 4285 requirant
791 4216 826 4271 dc
843 4216 931 4270 robus

105 4280 322 4348 ecclesiasticis,
331 4280 408 4336 undo
423 4297 504 4336 nonae
517 4287 545 4337 et
555 4284 673 4338 decimae
684 4285 755 4340 solvi
773 4287 890 4354 dehent,
903 4290 932 4341 ct

105 4370 164 4408 non
179 4351 342 4418 solvuntur,
360 4356 392 4407 nt
413 4352 536 4424 persolvi
553 4355 589 4410 ab
610 4357 726 4411 easdem
743 4374 789 4413 ros
804 4357 930 4412 retinca-

982 2210 1152 2266 colonorum
1167 2210 1287 2334 indigne
1302 2209 1432 2278 tuerint,
1449 2214 1478 2266 et
1501 2210 1635 2284 aliquam
1650 2211 1808 2269 uindictam

928 2293 930 2296 ·
982 2282 1049 2337 inde
1064 2297 1241 2337 exercercvo
1256 2280 1360 2352 uerint,
1372 2286 1423 2338 aut
1447 2283 1566 2339 eosdem
1582 2282 1707 2339 colonos
1722 2300 1758 2339 ne
1771 2283 1807 2339 di·

981 2352 1809 2428 stringanturcontinerepresumpserint,sciantquiaet

981 2426 1113 2481 barinum
1129 2430 1262 2481 nostrum
1277 2430 1462 2498 component,
1473 2430 1501 2481 et
1516 2426 1608 2482 simul
1619 2444 1690 2482 cum
1703 2443 1810 2483 excom·

982 2496 1180 2554 manicatione
1209 2496 1406 2554 ecclesiastica
1434 2502 1565 2554 nostram
1596 2498 1809 2555 harmiscaram

982 2568 1180 2625 sustinebunt.

1018 2640 1108 2711 (latit,
1121 2658 1146 2695 o.
1162 2641 1216 2708 10.)
1230 2639 1266 2696 Ut
1280 2637 1363 2695 missi
1380 2639 1473 2695 nostri
1488 2642 1630 2697 omnibus
1645 2640 1811 2723 reipublicae

982 2711 1127 2767 ministris
1143 2712 1325 2777 denuntient,
1338 2714 1371 2765 ut
1385 2727 1492 2779 comes,
1505 2712 1547 2768 vel
1571 2712 1743 2787 reipublice
1760 2711 1810 2767 mi·

983 2783 1077 2850 nistri,
1091 2782 1179 2837 simul
1191 2799 1259 2839 cum
1275 2784 1410 2865 episcopo
1421 2783 1659 2856 uniuscujusque
1672 2783 1809 2856 parochia

983 2855 1043 2909 sint
1056 2854 1085 2908 in
1102 2854 1274 2909 ministeriis
1289 2853 1544 2926 illorum,quaado
1561 2856 1640 2911 idem
1657 2857 1811 2928 episcopus

983 2943 1067 2982 suam
1082 2926 1250 2996 parochiam
1263 2925 1451 2992 circumierit,
1463 2943 1530 2981 cum
1542 2927 1704 3000 episcopus
1715 2927 1756 2983 eis
1766 2944 1810 2983 no

983 3002 1047 3052 tuni
1063 2997 1162 3053 lecerit
1174 3014 1180 3052 :
1193 3002 1222 3052 et
1237 3014 1310 3069 quos
1333 3013 1384 3069 per
1397 2997 1738 3055 excommunicationem
1753 2999 1808 3071 epi·

983 3086 1090 3140 scopus
1101 3068 1245 3124 adducere
1257 3084 1313 3123 non
1325 3068 1461 3140 potuerit,
1473 3069 1529 3195 ipsi
1544 3070 1627 3142 regia
1641 3070 1810 3127 auctoritate

983 3145 1012 3196 et
1025 3144 1167 3226 potestate
1183 3141 1218 3195 ad
1235 3139 1437 3212 paonitentiam
1447 3157 1481 3196 ve
1506 3141 1653 3198 rationem
1668 3149 1756 3215 atque
1771 3160 1810 3198 sa·

984 3211 1179 3269 tislnctionem
1194 3212 1351 3267 adducant.

1019 3284 1110 3352 (leta,
1127 3300 1152 3339 c.
1176 3286 1231 3352 11.)
1254 3283 1354 3339 Sciant
1379 3283 1467 3339 etiam
1495 3281 1599 3339 fideles
1624 3285 1732 3353 nostri,
1747 3283 1812 3356 quia

983 3355 1182 3411 concessimus
1198 3355 1227 3409 ia
1244 3354 1354 3427 synodo
1369 3354 1586 3411 venerabilibus
1608 3355 1811 3439 episcopis,ne

984 3444 1073 3510 super
1082 3426 1223 3481 beneficia
1233 3425 1430 3482 ecclesiastica
1446 3426 1489 3482 vel
1505 3429 1688 3499 praestarias,
1701 3426 1809 3483 etiamsi

984 3469 1765 3581 quilibetmonasteriorumprelatusirrationabiliter

984 3570 1072 3635 horit,
1084 3573 1229 3641 praccepta
1239 3569 1470 3625 confirmationis
1481 3573 1588 3626 nostrae
1600 3569 1663 3626 ullo
1677 3571 1764 3627 modo
1784 3587 1810 3626 a·

984 3641 1107 3697 ciamus.
1124 3641 1159 3695 Et
1173 3640 1238 3697 idco
1258 3641 1294 3697 ab
1310 3640 1502 3697 irrationabili
1518 3640 1663 3714 petitione
1678 3658 1711 3698 se
1725 3659 1809 3699 unus·

985 3711 1109 3785 quisque
1126 3717 1303 3784 compescat.

1020 3783 1125 3856 (aaron
1140 3782 1217 3838 Calai
1232 3786 1272 3838 tit.
1284 3799 1371 3851 aran,
1384 3798 1447 3854 cap.
1465 3781 1506 3851 9..)
1518 3782 1558 3839 De
1575 3801 1634 3840 uno
1653 3800 1757 3841 manso
1770 3800 1809 3840 sc·

985 3856 1114 3912 cundum
1130 3855 1290 3926 capitulare
1303 3857 1503 3927 Augustorum
1520 3858 1548 3909 et
1562 3857 1808 3927 predecessorum

985 3932 1151 3983 nestrorum
1167 3927 1203 3982 ad
1218 3926 1371 3982 ecclesiam
1385 3926 1462 3993 dato,
1474 3925 1576 3982 nullus
1590 3945 1712 3997 census,
1723 3943 1810 4000 aeque

985 3998 1088 4055 caballi
1103 4003 1240 4071 pastus,a
1255 3997 1421 4053 senioribus
1436 3999 1471 4053 de
1486 3998 1669 4072 presbyteris
1685 4001 1808 4072 requira-

985 4070 1167 4136 tor,sicutiu
1177 4068 1458 4142 praeliatocapitulari
1468 4069 1647 4126 continetur.
1657 4072 1808 4144 Scdneque

985 4142 1020 4197 dc
1031 4141 1147 4197 terrulis
1163 4159 1196 4196 nc
1206 4139 1388 4267 vineolispro
1399 4140 1462 4198 loco
1478 4141 1637 4214 sepulturae
1649 4144 1687 4199 ad
1698 4143 1807 4200 casdem

985 4213 1320 4283 ccclesiasdatis,ncquc
1348 4212 1504 4280 edecimis,
1512 4211 1628 4268 sicutin
1639 4215 1804 4279 canonibus,

986 4290 1014 4340 et
1026 4285 1054 4339 in
1072 4283 1199 4357 pietatatis
1207 4283 1420 4356 capitularibus
1432 4284 1607 4340 continetur.
1615 4286 1652 4341 ut
1663 4287 1712 4342 ahi
1720 4286 1808 4342 iuven

984 4361 1048 4411 tum
1061 4356 1148 4412 luerit
1163 4373 1179 4412 n
1194 4356 1294 4412 missis
1306 4356 1511 4427 nostris,quod
1524 4356 1658 4414 seniores
1669 4358 1732 4414 sine
1743 4367 1807 4414 con·

106 4424 185 4481 tibus
205 4423 322 4479 faciant.
338 4424 373 4478 ut
387 4423 412 4478 si
428 4424 528 4496 aliqua
543 4427 744 4496 contradictio,
756 4446 819 4500 quae
844 4429 929 4485 ratio·
986 4427 1107 4483 scientia
1128 4427 1331 4511 episcoporum
1347 4429 1531 4500 presbyteros
1556 4429 1593 4484 de
1617 4429 1750 4512 ecclesiis
1763 4429 1807 4510 eji-

106 4494 213 4551 nabilis
226 4495 369 4561 videatur,
380 4495 483 4552 oborta
497 4497 593 4566 luerit,
605 4498 789 4556 describatur
800 4517 806 4554 :
819 4505 848 4555 et
862 4518 930 4572 prro

106 4565 184 4622 latus
198 4564 293 4647 ipsius
307 4583 381 4623 casce
397 4568 458 4637 Dei,
470 4568 548 4624 undo
568 4587 613 4625 res
633 4587 696 4627 esse
712 4576 884 4640 noscunt-ur,
902 4577 930 4629 et

105 4636 155 4692 illa
170 4653 219 4708 qur
235 4653 285 4693 eas
301 4638 420 4706 detinet,
433 4643 461 4694 et
484 4657 590 4696 nonam
609 4659 641 4698 nc
661 4643 803 4699 decimam
820 4643 930 4700 solvere

106 4709 257 4775 detrectat,
270 4708 358 4764 simul
371 4727 438 4765 cum
450 4711 550 4767 missis
565 4714 673 4769 nostris
689 4716 725 4770 ad
741 4720 872 4771 nostrum
884 4717 930 4786 ju·

107 4779 927 4860 beaturvanircprasentiam,uttuacvoritatecompcria,

106 4857 135 4907 et
153 4850 328 4907 diffinitione
345 4853 470 4922 decreta,
487 4856 563 4926 quod
586 4857 799 4914 rationabiliter
813 4860 929 4915 iuvene-

105 4923 199 4979 rimus
214 4923 282 4985 inde
299 4923 512 4997 praecipiamus
755 4949 763 4963 ·

139 4996 235 5063 (ibid.)
245 4994 388 5051 Volumus
408 4995 507 5070 etiam,
522 5000 553 5050 ut
567 4997 744 5072 investigent
768 5001 851 5056 missi
878 5020 928 5058 no·

105 5067 308 5140 stri,qualiter
336 5066 388 5134 illi,
405 5066 455 5137 qui
482 5069 599 5124 easdem
629 5088 674 5126 res
703 5072 926 5141 ecclesiasticas,

104 5140 182 5194 unde
198 5139 316 5195 decimas
333 5140 449 5205 darrtur,
467 5138 526 5195 sive
547 5158 603 5195 uon
619 5142 736 5210 dantur,
753 5143 818 5199 illas
833 5144 928 5200 salvas

104 5209 241 5276 habeant,
259 5216 288 5267 et
302 5211 332 5266 ia
348 5209 475 5267 casticiis
499 5216 527 5266 et
543 5211 572 5266 in
597 5212 677 5269 silvis
701 5215 866 5283 custoditis,
884 5216 927 5271 val

105 5281 227 5337 siterrcc
254 5299 287 5337 ac
311 5281 458 5353 mancipia
486 5281 553 5336 iude
582 5285 694 5354 perdita
720 5287 847 5352 siut,rcl
874 5287 927 5342 ali-

106 5351 372 5425 quidiiuiusunsuli,
390 5360 441 5407 atat
461 5355 485 5407 si
508 5355 618 5410 lirruilia
634 5374 773 5427 uppremo
797 5360 835 5411 sit
858 5378 928 5414 ‹reurr-

104 5429 150 5478 tra
163 5424 275 5549 tlagena
291 5432 320 5481 ct
345 5427 444 5480 orntria
461 5443 511 5497 per
526 5429 626 5483 brcvcs
653 5429 821 5484 renuntient
845 5432 927 5486 ruissi

107 5511 159 5550 nos
175 5514 209 5550 rr.

142 5563 233 5647 (tota,
250 5586 275 5623 c.
290 5570 330 5640 7.)
346 5568 382 5625 Ut
397 5570 479 5625 missi
506 5571 597 5626 nostri
622 5587 673 5642 per
697 5571 830 5644 singulas
844 5590 927 5645 paro-

107 5634 369 5695 chias-comitibus
383 5643 412 5695 et
425 5639 590 5712 reipublicae
606 5641 752 5697 ministris
775 5660 809 5698 ex
832 5644 928 5702 banno

107 5709 208 5762 nostro
219 5708 396 5781 praecipiant,
407 5727 442 5766 nc
454 5711 542 5769 malla
552 5712 594 5771 vel
608 5711 714 5786 placita
725 5713 755 5770 in
765 5713 890 5771 exitibus
900 5721 938 5771 ct·

984 4498 1076 4570 ciunt,
1088 4500 1132 4555 vcl
1146 4518 1175 4554 ιιι
1187 4499 1317 4555 ccelesiis
1327 4502 1469 4569 statuunt,
1484 4499 1567 4556 missi
1580 4500 1685 4568 nostri,
1698 4505 1771 4557 sucat
1780 4517 1804 4555 m

985 4571 1111 4644 praelatis
1137 4570 1348 4642 capitularibus
1369 4571 1545 4636 continetur,
1567 4569 1637 4628 inde
1659 4572 1806 4638 iaciant,et

984 4643 1111 4725 episcopi
1123 4644 1158 4697 do
1168 4643 1281 4698 clericis
1293 4642 1446 4698 hominum
1460 4646 1628 4698 nostrorum
1640 4642 1685 4700 ita
1695 4644 1805 4708 faciant,

984 4718 1060 4770 sictut
1075 4715 1105 4769 ia
1121 4714 1232 4770 eisdem
1247 4714 1458 4785 capitularibus
1474 4713 1654 4771 continetur.

1020 4787 1078 4841 Hoc
1094 4785 1175 4841 missi
1193 4785 1284 4841 nostri
1300 4791 1403 4842 notum
1417 4786 1526 4842 iaciant
1547 4786 1708 4842 comitibus
1720 4791 1747 4842 ct
1760 4801 1804 4858 po·

983 4857 1148 4929 pulo,quod
1164 4875 1221 4913 nos
1233 4858 1262 4912 in
1277 4858 1357 4913 omni
1373 4858 1558 4913 hebdomada
1572 4875 1668 4913 unum
1683 4857 1760 4914 diem
1774 4855 1803 4912 ad

983 4946 1088 4984 causas
1103 4929 1264 4985 audiendas
1285 4935 1314 4984 et
1333 4928 1512 5000 judicandas
1537 4928 1639 4985 sedere
1664 4929 1802 4986 volumus.

983 5001 1109 5056 Comites
1120 5005 1217 5055 nutem
1229 5005 1256 5055 et
1267 5000 1350 5055 missi
1361 4999 1454 5055 nostri
1465 5015 1607 5072 maguum
1619 5001 1752 5058 studium
1761 4999 1804 5054 ha·

984 5072 1081 5137 beant,
1093 5089 1128 5127 uc
1145 5073 1217 5126 lbrte
1232 5076 1351 5143 propter
1362 5088 1462 5127 eorum
1480 5070 1693 5144 negligentiam
1708 5086 1804 5198 paupe

985 5161 1029 5199 res
1043 5143 1218 5211 crucientur,
1234 5148 1263 5198 et
1278 5160 1330 5197 rios
1352 5142 1471 5197 radium
1496 5148 1617 5215 propter
1631 5161 1734 5200 coriam
1751 5160 1803 5199 ca·

985 5230 1080 5270 mores
1096 5214 1253 5286 patiamur,
1261 5215 1285 5269 si
1300 5218 1428 5270 [rostram
1441 5214 1567 5287 gratiam
1581 5215 1692 5273 habere
1703 5216 1803 5272 volunt.

985 5285 1092 5357 Populo
1108 5291 1205 5340 irritem
1223 5288 1346 5351 ‹tir-ator,
1364 5290 1396 5339 ut
1416 5291 1514 5340 calceat
1530 5286 1567 5341 de
1585 5286 1653 5343 aliis
1669 5287 1765 5343 causis
1779 5301 1804 5341 se

984 5358 1019 5411 ud
1037 5376 1088 5411 rutis
1105 5359 1271 5421 rcrlrunare,
1289 5357 1344 5410 ruisi
1363 5358 1397 5410 de
1414 5358 1522 5428 quibus
1537 5363 1589 5412 ιιιι)
1606 5360 1692 5415 carissi
1709 5357 1804 5428 nostri,

984 5433 1034 5483 aut
1049 5430 1179 5494 etunius,
1193 5430 1234 5483 cis
1247 5429 1379 5499 justitias
1397 5429 1551 5484 noluerint.
1569 5430 1677 5487 l'accre.

1019 5502 1124 5567 (Circeii
1135 5501 1210 5554 t'ulei
1221 5503 1262 5554 lit.
1275 5517 1368 5567 xxxiv,
1377 5517 1401 5554 e.
1413 5504 1440 5567 2,
1451 5503 1492 5556 tit.
1506 5518 1585 5570 xcru,
1597 5504 1649 5558 aab
1659 5503 1744 5573 fitam
1751 5517 1803 5573 cap.

982 5571 1804 5644 2.)Utnostrifideles,unusquisqueinsueordineetsta·

983 5644 1168 5707 tu,veraoiter
1177 5643 1236 5699 sint
1246 5643 1282 5700 dc
1292 5643 1377 5701 nobis
1386 5644 1565 5719 securicula
1576 5644 1696 5703 nullum
1706 5644 1806 5719 abhinc

982 5714 1081 5770 inante
1094 5718 1194 5788 contra
1215 5713 1308 5788 legem
1325 5719 1352 5775 et
1363 5715 1522 5789 justitiam,
1539 5716 1582 5776 vol
1605 5716 1804 5777 auctoritatem
