3810 6098
48 332 127 394 1065
470 330 546 390 Plio
569 329 766 390 liCGlilSlAE
787 329 1038 392 LlBliitTA‘l'Ulli
1061 331 1317 393 assensione
1672 328 1753 398 'lost

46 463 181 522 servabo.
192 463 228 518 let
242 460 293 532 qui
308 459 389 516 illam
406 477 524 517 necesse
546 462 681 517 habuerit
700 467 729 517 et
748 462 874 519 rationa-
889 464 917 531 A
932 462 1013 534 plum
1030 461 1138 518 imitari
1163 462 1317 532 voluerint,
1333 465 1421 521 ullam
1446 469 1562 539 penitus
1581 470 1753 527 divisionem

47 552 147 611 biliter
162 550 287 623 petierit,
300 549 502 606 rationabilem
519 549 749 605 misericordiam
762 550 876 606 exhibe·
930 556 981 607 aut
993 553 1140 621 jacturam
1159 552 1317 624 patiantur.
1332 575 1345 602 >a

47 643 97 712 be,
114 640 192 698 sicut
207 639 301 695 fidelis
317 657 366 694 rex
380 657 449 695 suos
472 640 572 695 lidolrs
586 658 638 712 pur
657 646 768 695 rectum
785 641 874 694 bono-
966 642 1001 694 st
1016 641 1069 695 hoc
1085 657 1151 695 eum
1168 641 1233 695 aliis
1254 642 1415 715 capitulum
1441 647 1518 715 quod
1543 646 1686 719 sequitur,
1702 664 1753 705 vos

47 747 125 799 rare,
137 734 166 786 et
181 727 341 796 salvare,et
353 729 510 800 unicuique
522 734 734 802 competentem
744 729 838 802 legem
848 733 877 785 ot
931 729 993 800 ipse
1008 746 1098 784 manu
1109 730 1228 803 propria
1241 730 1271 785 in
1283 730 1424 804 villaque
1436 732 1543 789 dicitur
1552 735 1754 803 Colonia,con·

43 819 195 893 justitiam
212 818 243 874 in
259 833 436 890 unoquoque
452 817 553 875 ordine
567 834 749 884 conservare,
762 823 790 874 et
805 817 877 872 indi·
931 833 1019 874 seusu
1035 817 1249 892 episcoporum,
1260 825 1289 876 ct
1303 821 1424 888 Warini,
1437 838 1470 877 ao
1492 822 1616 879 aliorum
1632 824 1754 897 optima·

47 908 201 982 gentibus,
228 911 256 964 et
279 906 461 963 rationaliter
482 908 650 980 petentibus
673 906 877 963 rationabilem
932 908 994 961 tum
1016 910 1189 974 vestrorum,
1202 924 1279 963 anno
1294 925 1322 964 rv
1337 909 1418 981 regni
1432 911 1521 966 vestri
1545 911 1753 980 confirmastis,

48 996 284 1054 misericordiam
300 996 386 1053 debet
399 995 583 1069 impendere;
601 1001 629 1052 et
648 1014 700 1069 pro
725 996 807 1052 nullo
822 996 877 1050 bo·
930 997 960 1050 et
975 1011 1026 1066 per
1045 994 1202 1051 ltieuinum
1229 996 1373 1054 Ludovico
1398 999 1480 1054 fratri
1493 1003 1590 1057 vestro
1607 998 1730 1057 misistis
1745 1015 1753 1055 ι

49 1087 132 1147 mine
147 1088 184 1143 ab
200 1086 265 1155 hoc,
281 1090 425 1159 quantum
441 1086 563 1142 dimittit
577 1086 708 1141 humana
724 1085 876 1158 fragilitas,
932 1106 947 1133 α
960 1083 1000 1139 De
1011 1082 1120 1140 honore
1130 1084 1310 1152 videlicet,et
1322 1085 1403 1142 cultu
1413 1087 1473 1159 Dei,
1486 1093 1574 1161 atque
1586 1092 1755 1146 sanctarum

51 1195 105 1252 per
114 1177 257 1245 stadium,
270 1181 322 1233 aut
332 1175 569 1244 malivolentiam,
578 1175 622 1231 vel
633 1175 758 1247 alicujus
770 1173 879 1230 indebi·
932 1172 1216 1246 ecclesiarumque,
1228 1178 1345 1232 auctore
1360 1177 1490 1241 Deo,sub
1502 1176 1756 1235 ditioneettuitio·

52 1272 117 1324 tum
134 1266 352 1322 hortamentum
364 1265 494 1331 deviabo,
505 1269 649 1337 qnantum
664 1265 737 1320 mihi
752 1264 829 1320 Deus
838 1262 880 1318 in·
932 1276 969 1316 ne
981 1260 1132 1334 regiminis
1143 1263 1234 1318 nostri
1244 1264 1757 1338 consistuntcommuniter,Domino

51 1355 204 1412 tellectum
220 1358 249 1411 et
263 1353 487 1426 possibilitatem
503 1353 662 1409 donaverit.
675 1354 709 1409 lit
723 1352 811 1425 siper
825 1353 880 1408 fra·
933 1349 1092 1419 mediante,
1109 1351 1305 1419 deceruimus,
1318 1358 1351 1408 ut
1364 1355 1441 1410 siout
1459 1359 1591 1428 tempore
1604 1355 1695 1411 beate
1710 1372 1758 1412 re·

50 1445 197 1518 gilitatem
206 1449 307 1500 contra
316 1443 452 1499 hocmihi
462 1443 634 1515 subreptum
647 1441 813 1510 suerit‚cum
824 1442 879 1497 hoc
934 1439 1112 1495 cordationis
1122 1440 1220 1496 domni
1234 1458 1267 1496 ac
1277 1442 1417 1515 genitoris
1428 1444 1520 1500 nostri
1531 1442 1651 1500 exculte
1663 1459 1696 1500 ao
1705 1442 1758 1500 ho·

53 1549 258 1606 recognovero,
275 1531 348 1587 illud
373 1532 528 1588 emendare
548 1532 666 1587 curabo.
678 1552 692 1580 »
708 1531 766 1586 Nos
780 1534 879 1585 autem
932 1533 1052 1594 norate,
1065 1532 1152 1601 atque
1167 1530 1255 1585 rebus
1271 1530 1418 1603 ampliate
1435 1533 1562 1600 suerunt,
1574 1531 1653 1589 salve
1667 1531 1758 1604 eqni-

54 1621 157 1679 fideles
165 1621 411 1693 vestri,episcopi‚
423 1627 452 1676 ct
466 1620 560 1676 ceteri
576 1620 688 1676 laiculis
703 1618 814 1676 ordinis
829 1619 880 1690 qui
933 1618 1004 1673 tatis
1014 1618 1124 1673 rationo
1135 1617 1175 1673 ite
1185 1624 1385 1692 permancant.
1394 1622 1431 1677 llt
1440 1638 1504 1693 que
1515 1638 1531 1677 a
1542 1624 1642 1678 nostra
1656 1621 1759 1678 lib'era·

54 1712 224 1778 adsuerunt,
239 1710 294 1766 hoo
309 1709 469 1782 capitulum
485 1714 514 1765 et
528 1710 678 1766 vobiscum
693 1709 880 1764 condidimus
934 1706 1016 1762 litate
1032 1707 1215 1763 honorantur
1227 1713 1314 1782 atque
1329 1710 1471 1778 ditantur,
1483 1711 1518 1766 do
1529 1715 1631 1766 cetero
1641 1710 1697 1767 sub
1712 1710 1756 1765 in·

53 1797 881 1871 eteisubscripsimus,unuequisqueprofitendo;«Quau·
934 1796 1070 1868 tegritato
1099 1796 1144 1852 sui
1174 1803 1334 1854 serventur.
1352 1799 1387 1854 lit
1403 1801 1539 1856 sacerdos
1555 1816 1588 1856 ac
1611 1799 1685 1856 servi
1709 1798 1758 1854 bel

54 1894 118 1944 tum
135 1888 227 1944 sciero
243 1892 272 1944 et
293 1891 424 1960 potuero,
441 1888 565 1943 Domino
589 1888 754 1958 adjuvante,
769 1886 881 1958 ubsque
934 1885 1064 1958 vigorem
1078 1885 1309 1943 ecclesiasticum
1322 1888 1760 1962 etdebitaprivilegiajuxtere

55 1977 118 2033 ulle
133 1976 287 2034 dolositate
303 1980 354 2033 aut
364 1976 533 2032 seductione
543 1981 571 2032 et
581 1975 702 2032 consilio
718 1980 746 2031 et
761 1974 880 2042 auxilio,
935 1974 1276 2032 verendaauctoritatem
1290 1977 1450 2034 obtineant.
1462 1978 1579 2034 llisdem
1594 1994 1661 2033 vero
1677 1991 1759 2050 rega·

53 2066 221 2122 secundum
236 2081 335 2122 meum
351 2065 558 2134 ministerium,
569 2069 597 2122 et
611 2065 773 2121 secundum
785 2079 882 2120 meam
935 2063 973 2119 lis
993 2068 1133 2136 potestas,
1144 2069 1173 2120 ct
1196 2064 1356 2121 illustrium
1371 2067 1499 2123 virorum
1524 2066 1684 2123 strenuitas
1707 2079 1760 2121 sen

54 2155 420 2228 personam,fidelisvobis
432 2156 550 2228 adjutor
559 2159 659 2224 ero,ut
668 2155 748 2210 illam
759 2158 883 2226 potesta·
936 2152 1103 2224 reipublice
1125 2155 1387 2224 administratores,
1403 2159 1436 2210 ut
1450 2159 1650 2228 competenter
1672 2168 1761 2210 suum

55 2250 127 2311 tem,
140 2261 229 2316 quam
244 2245 274 2300 in
291 2245 370 2317 regio
394 2245 511 2301 nemine
533 2250 563 2301 et
587 2261 676 2319 regno
699 2243 781 2300 vobis
805 2243 882 2297 Deus
936 2240 1134 2297 ministerium
1150 2243 1269 2315 exsequi
1280 2244 1443 2314 calcantis
1455 2243 1593 2300 omnihus
1604 2241 1761 2300 rationabi-

55 2334 213 2401 concessit,
225 2335 261 2390 ad
285 2333 380 2406 ipsius
395 2334 583 2401 voluntatem,
600 2338 629 2389 et
644 2333 679 2390 ad
703 2336 832 2388 vestram
855 2333 884 2386 et
936 2329 1003 2385 liter
1016 2347 1049 2385 ac
1060 2332 1142 2402 juste
1156 2337 1341 2388 concurrant.
1355 2354 1369 2383 »

56 2423 191 2480 fidelium
202 2427 365 2480 vestrorum
375 2424 653 2491 salvationem,cum
664 2422 763 2480 debito
774 2422 883 2477 honore
972 2419 1008 2474 lit
1022 2419 1077 2475 hoc
1092 2436 1160 2476 cum
1175 2420 1241 2477 eliis
1251 2421 1413 2493 capitulum
1426 2421 1504 2493 quod
1519 2419 1720 2494 subsequitur,
1731 2418 1762 2475 in

55 2517 85 2569 et
100 2513 199 2586 vigore
213 2517 311 2571 tenere
326 2517 355 2571 et
368 2515 532 2586 gubernare
547 2514 677 2587 possitis.
937 2507 1089 2581 Belgivaco
1105 2509 1231 2577 civitate,
1251 2526 1329 2566 anno
1343 2527 1373 2566 vr
1388 2510 1469 2584 regni
1483 2511 1572 2567 vestri
1590 2524 1689 2566 coram
1703 2508 1762 2564 Deo

453 2642 489 2655 -
937 2601 966 2653 et
981 2596 1093 2669 augelis
1108 2598 1183 2667 ejus,
1197 2597 1227 2651 in
1244 2598 1301 2653 fide
1324 2602 1354 2652 et
1377 2598 1495 2653 dextera
1507 2601 1612 2668 vestra,
1629 2613 1681 2669 per
1694 2610 1763 2668 spa·

285 2718 493 2781 Exposqqu
514 2719 659 2780 TERTIA
937 2689 1020 2740 tam·
1033 2689 1160 2742 vestram
1181 2686 1327 2757 jurantes,
1343 2685 1420 2741 sicut
1447 2688 1605 2758 presentes
1633 2683 1761 2758 episcopi

237 2830 285 2872 GU,
303 2831 423 2872 mum
445 2833 452 2871 :
478 2814 706 2871 ADMONWO·
939 2774 990 2846 qui
1004 2773 1162 2830 adfuerunt
1182 2773 1405 2847 petierant,illis
1430 2777 1458 2829 et
1482 2772 1593 2829 ceteris
1616 2771 1761 2845 episcopie

877 2918 883 2932 ,
939 2863 1021 2935 regni
1036 2863 1134 2932 vestri,
1143 2880 1175 2919 ao
1187 2862 1408 2920 successoribus
1423 2862 1495 2931 sais,
1508 2866 1537 2917 at
1551 2877 1653 2918 eornm
1668 2861 1762 2918 eecle-

96 2919 177 2975 Hauc
200 2917 294 2992 legem
318 2920 485 2976 decessores
500 2923 528 2976 et
547 2921 773 2994 predecessores
797 2923 885 2976 vestri
939 2951 993 3008 siis
1008 2951 1122 3009 cunctis
1138 2952 1242 3009 diebus
1256 2952 1321 3008 vim
1333 2955 1436 3008 vem
1451 2966 1501 3007 vos
1516 2954 1681 3007 servatum
1694 2965 1763 3023 pm,

60 3023 147 3081 roges
162 3007 293 3064 licclesie
309 3013 497 3066 servaverunt
511 3024 517 3064 :
530 3026 593 3082 que
609 3009 634 3064 si
653 3013 704 3064 aut
723 3026 775 3082 per
788 3025 886 3064 exces-

939 3040 1074 3107 misistis,
1081 3042 1281 3114 petentibus:«
1289 3038 1763 3113 Utjusecclesiasticumetlegem

61 3113 130 3153 sum
142 3096 319 3171 principum,
329 3102 382 3153 ³¹st
395 3113 447 3170 Pffl'
461 3097 668 3170 negligentiam
683 3097 886 3172 ⁰Pi⁸⁰⁰p⁰ru¹¹¹
941 3131 1111 3188 canonicam
1127 3131 1212 3187 nobis
1226 3130 1266 3187 ita
1281 3128 1468 3198 conservetis,
1477 3129 1554 3186 sicut
1565 3132 1764 3184 antecessores

60 3184 161 3258 aliquo
173 3186 259 3241 modo
270 3184 375 3242 violata
385 3185 449 3254 suit,
457 3190 554 3242 tamen
565 3191 704 3256 correcta,
716 3187 793 3242 sicut
804 3187 833 3241 in
844 3202 889 3241 eo·
903 3207 925 3275 G
940 3224 1003 3276 ves,

59 3291 129 3329 rum
143 3273 279 3347 capitulis
293 3273 410 3348 13qu
422 3274 528 3332 existit·
539 3274 596 3332 Vos
609 3276 706 3343 etiam,
720 3275 887 3331 decessores
1005 3219 1162 3291 r1,qn1hoc
1177 3220 1251 3275 bene
1266 3222 1294 3275 et
1306 3217 1764 3284 rationabrhterobservaverunt,

937 3311 1022 3381 Juxta
1033 3310 1110 3382 quod
1120 3308 1189 3364 sciri
1200 3308 1316 3381 poterit,
1325 3310 1354 3364 et
1365 3308 1442 3364 Deus
1450 3306 1533 3365 vobis
1544 3321 1630 3381 posse
1642 3292 1765 3371 dederit,

59 3366 175 3420 vestros
184 3366 351 3436 sequentes,
360 3363 437 3420 hanc
445 3364 540 3436 legem
553 3364 784 3420 ecclesiasticam
795 3380 888 3420 serva-

59 3455 145 3508 turos
156 3452 215 3508 Deo
226 3456 255 3509 et
264 3451 349 3509 nobis
359 3453 547 3525 promisistis,
560 3454 637 3510 sicut
648 3453 694 3510 bic
709 3454 886 3510 continetur.

99 3541 131 3596 ln
146 3540 221 3597 libro
242 3541 338 3614 primo
358 3542 553 3615 capitulorum
568 3541 775 3615 imperialium,
787 3539 888 3598 domni

59 3629 157 3685 Caroli
173 3629 228 3698 avi,
240 3633 269 3686 et
284 3631 385 3688 domni
401 3631 538 3688 ludovici
559 3632 652 3705 petris
665 3632 765 3702 vestri,
780 3631 810 3686 in
826 3630 889 3703 lege

47 3720 98 3774 ·ah
116 3718 190 3793 ipsis
206 3719 387 3790 confirmata,
400 3719 534 3791 Ecclesiae
544 3726 572 3777 et
587 3721 732 3777 universis
745 3720 889 3793 episcopis

60 3827 105 3866 ser
114 3808 209 3882 iptum
225 3815 279 3879 est,
291 3826 354 3882 cap.
366 3812 393 3866 8.
406 3834 420 3860 ι
432 3810 469 3867 Ut
483 3811 519 3866 ad
542 3810 798 3883 metropolitanum
814 3808 889 3881 epis·

61 3914 172 3969 capum
183 3898 360 3972 suffraganei
377 3898 580 3971 respiciant,et
595 3899 668 3955 nihil
684 3899 748 3954 novi
765 3898 892 3954 audeant

63 3988 159 4042 iacere
175 3986 204 4041 in
217 3986 280 4044 suis
291 3986 448 4060 parochiis,
461 3988 524 4045 sine
536 3989 715 4045 conscientie
730 3985 891 4059 ctconsilio

63 4075 110 4129 sui
128 4075 354 4148 metropolitani,
372 4094 424 4133 nec
440 4077 683 4151 metropolitanus
706 4077 770 4134 sine
790 4092 891 4132 corum

64 4162 200 4219 consilio.
210 4186 224 4215 ιι
238 4165 310 4221 Item
326 4165 355 4220 in
370 4167 471 4222 codem
486 4165 571 4236 libro,
584 4184 647 4239 cap,
658 4169 702 4222 28.
716 4190 730 4217 a
747 4165 784 4222 Ut
799 4164 823 4221 si
839 4164 894 4220 cle·

63 4252 129 4320 rici,
139 4251 183 4308 vel
194 4252 330 4309 monachi
346 4253 424 4310 inter
439 4271 469 4311 se
485 4254 635 4328 negotium
650 4255 768 4328 aliquod
783 4255 892 4310 habue-

63 4342 137 4413 rint,
152 4359 170 4398 a
184 4358 237 4399 suo
262 4341 397 4416 episcopo
422 4343 630 4416 dijudicentur,
644 4362 703 4401 non
718 4362 735 4399 a
750 4342 895 4401 seculari·

63 4430 152 4488 bus.»
164 4429 238 4487 Item
249 4429 278 4486 iu
291 4433 393 4488 eodem
403 4432 490 4501 libro,
501 4450 565 4507 cap.
579 4435 640 4489 38.«
656 4433 692 4489 Ut
701 4433 798 4489 clerici
809 4431 896 4488 eccle·

64 4516 180 4575 siastici
191 4518 303 4576 ordinis
312 4519 336 4575 si
347 4519 465 4594 culpem
477 4521 664 4590 incurrerint,
675 4522 751 4594 apud
763 4521 897 4578 eeclesia-

66 4605 346 4679 sticosjudicentnr,
359 4626 417 4666 non
432 4611 510 4683 apud
527 4610 789 4667 secularesrltem
804 4610 833 4665 in
849 4626 897 4665 co-

67 4696 135 4752 dem
152 4693 238 4765 libro,
251 4713 315 4771 esp.
326 4699 393 4753 77.«
404 4697 477 4766 Quia
493 4700 580 4771 juxta
593 4704 762 4756 sanctorum
778 4700 897 4755 Petrum

66 4783 260 4841 traditionem
269 4784 404 4844 noviums
414 4804 459 4844 res
467 4787 602 4845 Ecclesie
611 4805 674 4845 esse
683 4787 897 4857 votafidelium,

67 4872 165 4949 pretia
180 4878 377 4947 peccatorum,
387 4881 417 4934 et
427 4877 606 4950 patrimonia
616 4877 899 4952 pauperum,cuique

69 4981 129 5018 non
145 4961 244 5019 solum
259 4962 361 5021 habita
375 4982 557 5036 conservare,
573 4984 674 5023 verum
690 4968 778 5023 etiam
795 4966 899 5033 mulla,

70 5052 131 5109 Deo
145 5053 320 5126 opitulante,
331 5055 462 5113 conterre
477 5061 625 5129 optamus.
638 5058 748 5112 Tamen
760 5061 792 5111 ut
807 5057 842 5111 ab
854 5071 901 5111 ec-

71 5141 259 5212 elesiasticis,
270 5142 307 5200 de
317 5160 375 5201 non
386 5145 552 5203 dividendis
568 5146 655 5202 rebus
671 5145 750 5201 illius
764 5143 904 5217 suspicio·

71 5247 141 5287 nem
157 5230 272 5288 dudum
288 5239 459 5307 conceptam
470 5251 685 5306 amoveremus,
698 5234 857 5292 statuimus
874 5236 905 5288 ut

72 5336 170 5393 neque
186 5321 306 5391 nostris,
319 5340 414 5397 neque
436 5323 576 5390 liliorum,
587 5328 615 5380 ot
631 5324 689 5380 lieo
704 5323 903 5395 dispensante,

73 5428 283 5469 successorum
307 5418 475 5471 nostrorum
492 5415 683 5488 temporibus,
696 5412 746 5494 qui
763 5417 906 5483 nostram,

73 5501 117 5558 vel
134 5501 357 5575 progenitorum
377 5508 545 5562 nostrorum
559 5503 738 5562 voluntatem
755 5502 798 5562 vel
813 5519 906 5561 exem·

112 5640 123 5668 ·
138 5628 264 5706 Sputum,
280 5631 360 5703 epte.

244 5756 376 5823 Parnoi..
399 5757 514 5826 dxxv.

941 3396 1050 3454 nostris
1065 3396 1328 3470 predecessoribus
1341 3400 1595 3453 conservaverunt.
1608 3416 1623 3445 »

977 3488 1012 3542 lit
1027 3487 1081 3542 hoc
1096 3503 1164 3542 cum
1184 3486 1249 3542 aliis
1273 3485 1435 3558 capitulum
1460 3485 1538 3558 quod
1564 3483 1764 3556 subsequitur,

943 3593 1019 3632 anno
1034 3574 1246 3632 iucarnationis
1272 3574 1428 3632 Dominice
1452 3590 1549 3630 ncccer
1573 3575 1603 3629 in
1627 3573 1691 3629 loco
1715 3571 1766 3644 qui
1863 3570 1871 3579 ‘

943 3665 1052 3720 dicitur
1078 3664 1214 3720 blarsana
1243 3679 1311 3719 cum
1340 3661 1481 3718 iratribus
1508 3660 1612 3719 vestris
1627 3659 1766 3719 Waltario

943 3752 1103 3827 [lothario]
1114 3759 1143 3809 et
1158 3752 1303 3809 hudovico
1318 3767 1408 3807 manu
1423 3751 1540 3824 propria
1550 3747 1768 3824 perconsilium

944 3839 1769 3900 etconsensumfidoliumvestrorumcommuniumcom-

945 3931 1073 3988 munitet·
1086 3930 1282 3986 confirmastis
1295 3947 1321 3984 τι
1336 3929 1372 3985 Ut
1387 3929 1478 3985 nostri
1495 3929 1595 3984 ildelcs
1610 3925 1770 3998 unusquis·

945 4037 1001 4094 que
1017 4021 1046 4074 in
1063 4035 1116 4074 suo
1140 4019 1241 4073 ordine
1256 4021 1285 4072 et
1304 4021 1382 4072 statu
1397 4017 1537 4073 veraciter
1559 4016 1620 4071 sint
1635 4015 1671 4068 de
1685 4012 1770 4067 nobis

946 4109 1052 4174 securi,
1063 4105 1132 4179 quia
1156 4106 1271 4161 nullum
1299 4106 1405 4161 abhinc
1420 4105 1450 4159 in
1465 4108 1543 4168 ante,
1556 4106 1655 4159 contra
1675 4101 1770 4171 legem

946 4202 975 4253 et
985 4196 1145 4268 justitiam,
1160 4194 1205 4251 vel
1219 4193 1422 4250 auctoritatem
1438 4209 1470 4247 ac
1488 4193 1602 4263 justam
1617 4186 1770 4254 rationem,

948 4291 1002 4343 aut
1016 4283 1236 4351 damnabimus,
1253 4286 1305 4338 aut
1328 4281 1586 4347 dehonorabimus,
1604 4281 1655 4334 aut
1673 4275 1771 4350 oppri-

949 4392 1064 4432 memus
1079 4374 1123 4430 vel
1146 4372 1284 4429 indebitis
1305 4368 1572 4427 machinationibus
1588 4365 1772 4439 affligemus3

949 4470 977 4522 et
992 4465 1121 4530 illorum,
1137 4462 1248 4519 scilicet
1272 4460 1414 4518 voraciter
1428 4457 1513 4514 nobis
1535 4457 1677 4525 fidelium,
1693 4469 1773 4511 com-

950 4553 1033 4610 muni
1048 4552 1179 4624 consilio,
1192 4551 1355 4607 secundum
1377 4548 1429 4605 [lei
1447 4547 1639 4615 voluntatem,
1650 4548 1680 4600 et
1694 4558 1775 4600 com·

951 4661 1041 4700 mune
1063 4641 1286 4712 salvamentum,
1298 4641 1334 4695 ad
1360 4637 1575 4695 restitutionem
1600 4638 1708 4692 sancte
1723 4632 1776 4690 Dei

952 4732 1097 4802 licelesie,
1108 4735 1136 4787 et
1151 4735 1262 4787 statum
1281 4728 1373 4801 regni,
1387 4732 1416 4783 ct
1435 4728 1472 4783 ad
1489 4726 1630 4783 honorem
1649 4723 1774 4798 regium,

953 4828 1042 4895 atque
1065 4837 1166 4892 pacem
1192 4816 1293 4892 populi
1317 4815 1467 4873 commissi
1493 4815 1578 4873 nobis
1601 4811 1778 4887 pertinentia

955 4927 1109 4968 assensum
1134 4909 1307 4981 prebemus,
1321 4907 1352 4962 in
1376 4905 1430 4963 hoc
1454 4907 1487 4961 ut
1510 4904 1584 4960 nulli
1608 4905 1665 4959 noa
1680 4898 1776 4957 solum

955 5017 1013 5056 non
1029 5000 1089 5054 sint
1103 4997 1187 5053 nobis
1200 4995 1432 5052 contradicentes
1442 4998 1471 5050 et
1481 4993 1659 5058 resistentes,
1670 4989 1705 5044 ad
1721 4987 1778 5043 iste

957 5087 1151 5161 exsequenda,
1167 5103 1268 5143 verum
1284 5086 1372 5142 etiam
1389 5084 1430 5142 sic
1451 5084 1512 5141 sint
1537 5081 1620 5137 nobis
1635 5075 1736 5134 ildeles
1751 5073 1780 5132 et

958 5179 1137 5243 obedientes,
1154 5193 1187 5232 ac
1206 5176 1266 5232 veri
1290 5176 1449 5247 adjutores,
1473 5176 1558 5243 utque
1580 5162 1780 5239 cooperatores

957 5286 1025 5324 vcro
1041 5264 1173 5332 consilio,
1185 5269 1213 5321 et
1228 5264 1342 5321 sincero
1362 5261 1469 5319 auxilio
1489 5260 1524 5315 ad
1544 5258 1600 5314 ista
1618 5254 1783 5329 peragenda

960 5375 1024 5431 que
1039 5354 1248 5428 premisimus,
1260 5353 1336 5410 sicut
1349 5352 1521 5425 perrectum
1533 5343 1737 5417 unusquisque
1752 5341 1783 5398 in

960 5463 1014 5504 suo
1025 5445 1127 5503 ordine
1137 5448 1166 5503 ct
1179 5448 1269 5516 statu,
1282 5459 1335 5501 suo
1349 5437 1485 5514 principi,
1496 5440 1525 5495 et
1535 5451 1588 5494 suo
1602 5433 1709 5493 seniori
1720 5444 1785 5491 esse

962 5537 1058 5597 debet.
1072 5558 1086 5588 »
