3810 6098
10 344 124 408 Ιθδ
420 340 472 403 1111
492 336 884 409 ΡΗΕΒΒΒΤΙΝΑΊΊΟΝΕ,
896 337 1155 404 elsseerarlo
1176 340 1409 406 postestas.
1707 345 1768 409 tre

10 469 1043 545 morbosunttllt'om,15).QuoniamChristusdiligeusAurbes,
1065 475 1116 527 aut
1146 473 1257 541 decem,
1284 476 1335 529 out
1363 473 1476 546 viginti,
1501 493 1596 549 neque
1625 480 1659 535 ad
1690 480 1764 537 401

10 580 151 640 genus
167 564 344 630 humanum,
356 567 390 619 ut
405 581 455 620 eos
470 561 635 628 redimeret,
647 562 733 618 morti
750 578 781 618 se
796 561 884 617 dedit.
942 580 1031 618 unam
1054 578 1104 617 ros
1130 562 1214 618 mitto
1240 567 1357 636 gentem
1382 563 1458 619 sicut
1486 565 1574 621 etiam
1598 567 1767 639 prophetas,

10 654 103 712 Ea
114 654 179 728 quia
189 670 294 710 omncs
304 668 423 709 neeesse
433 656 479 708 est
490 652 564 707 mori
577 652 754 721 causanda,
766 668 818 723 pro
828 666 889 705 om·
943 653 993 709 sed
1011 653 1046 707 ad
1058 668 1176 707 omnem
1192 656 1299 707 terram
1317 670 1438 725 prorsus
1456 670 1488 707 ac
1510 660 1770 730 maratotumque

13 747 146 803 nibus
160 747 297 800 mortuus
308 745 355 799 est
365 741 508 808 Christus,
520 745 553 796 ut
562 758 612 797 eos
628 741 783 797 aseounda
794 745 888 795 morte
943 742 1100 805 mundum,
1111 745 1139 796 et
1150 741 1229 796 hunc
1242 742 1331 797 variis
1342 741 1517 798 criminibus
1526 747 1771 815 oppressum.»Et

18 833 79 893 li
87 837 226 892 hereret.»
235 833 270 888 Et
282 832 311 888 in
327 831 423 904 prima
438 830 566 903 Eqistola
579 833 649 903 (cap.
662 831 692 885 11
705 847 710 885 :
724 854 737 879 a
750 830 801 885 Rei
818 833 889 885 srrnt
943 829 1013 902 quia
1027 847 1084 885 non
1101 847 1203 885 omnes
1219 830 1369 886 salvuntur
1383 832 1418 886 ad
1438 847 1512 902 quos
1526 831 1648 887 verbum
1665 832 1769 890 salutis

25 922 190 997 eorporis
206 926 235 978 et
248 920 402 994 sanguinis
417 919 544 977 Domini.
556 920 678 976 Occisus
688 923 732 975 est
745 919 823 975 enim
835 936 887 991 pro
943 919 1068 975 missum
1085 924 1139 981 est,
1152 936 1205 975 neo
1220 936 1321 975 omnes
1337 920 1483 992 passionis
1498 921 1562 992 ejus
1573 922 1712 994 mysterio
1728 938 1770 978 re·

26 1013 107 1070 his
121 1011 169 1085 qai
185 1010 363 1067 benelicium
378 1010 443 1080 ejus
461 1008 490 1064 in
511 1009 626 1063 irritum
643 1009 764 1063 dierunt.
779 1032 792 1057 n
808 1010 842 1063 Et
858 1009 887 1063 in
942 1008 1106 1076 dimuntur,
1120 1024 1174 1080 pro
1189 1007 1298 1080 quibus
1314 1008 1395 1064 salus
1411 1009 1659 1080 paratoomnibus
1672 1011 1768 1066 cruris

28 1101 188 1175 Epistola
203 1101 240 1156 ad
257 1101 405 1156 Romanos
420 1115 447 1153 :a
462 1097 539 1154 Sicut
550 1114 600 1170 per
615 1100 699 1151 nnius
713 1097 843 1153 delictam
859 1099 887 1152 in
943 1097 1034 1153 subiit
1053 1098 1230 1170 passionem,
1248 1097 1317 1151 item
1344 1097 1420 1153 idem
1438 1099 1539 1154 doctor
1562 1099 1723 1155 catholicus
1738 1100 1765 1154 in

30 1208 148 1248 onmes
163 1190 289 1246 homines
305 1191 334 1244 in
355 1187 607 1245 condemnationem
622 1206 631 1242 .·
646 1189 687 1242 sic
701 1195 727 1242 ct
743 1204 792 1258 per
804 1188 888 1242 vinias
942 1186 1064 1242 bonrilia
1079 1185 1204 1257 septima
1224 1186 1356 1256 ejusdcm
1377 1187 1559 1259 evavigeliste
1575 1188 1647 1243 dicit
1662 1205 1686 1243 τι
1704 1190 1766 1244 Non

24 1281 194 1354 justitiam
217 1281 246 1335 in
270 1294 363 1335 moires
381 1277 504 1334 homines
528 1279 556 1330 in
576 1277 801 1348 justificationem
824 1277 889 1331 vite
942 1274 1304 1346 enim,inquions,omncs
1320 1275 1369 1347 qui
1389 1294 1423 1330 ex
1438 1276 1526 1331 Israel
1543 1277 1573 1332 hi
1589 1282 1659 1332 sunt
1674 1278 1768 1333 lsrae-

36 1371 143 1440 (iiom.
154 1386 185 1439 v,
198 1368 252 1439 16).
262 1368 322 1424 lloc
332 1371 387 1435 est,
399 1366 477 1422 sicut
492 1364 581 1420 unius
597 1364 704 1419 delicto
718 1380 821 1419 omnes
836 1363 888 1419 bo·
942 1364 1010 1434 lita,
1027 1365 1077 1420 sod
1093 1364 1261 1436 quicunque
1277 1381 1328 1435 por
1347 1365 1434 1419 fidem
1455 1365 1692 1437 repromissionis
1707 1366 1766 1421 nati

39 1455 434 1514 minescondemnationem
443 1453 889 1524 merueruntsimilit-erpeccan·
942 1457 1021 1509 suut.
1039 1453 1068 1508 Si
1085 1469 1151 1508 vero
1176 1469 1233 1506 uon
1249 1469 1351 1508 omnes
1370 1453 1453 1525 regit,
1466 1457 1633 1509 vocatorum
1658 1455 1767 1510 crimen

10 1536 18 1542 ’
42 1552 111 1616 tes,
123 1546 205 1602 itaet
220 1545 249 1601 in
261 1545 380 1618 justitia
392 1543 479 1599 unius
495 1559 597 1599 omnes
608 1542 814 1613 justificantur
824 1559 888 1598 ere·
942 1547 996 1604 ost,
1009 1560 1067 1597 non
1083 1542 1224 1597 vocantis.
1239 1542 1299 1597 »Et
1318 1542 1407 1597 item:
1421 1544 1529 1609 «Quod
1555 1547 1632 1598 certe
1656 1543 1726 1598 dicit
1740 1547 1769 1599 et

45 1638 168 1694 dentes.
181 1637 212 1693 si
225 1635 275 1709 qui
288 1638 386 1691 autem
396 1632 670 1689 condemnationem
681 1631 757 1687 hanc
771 1647 888 1705 genera·
943 1631 1062 1697 Paulus,
1081 1632 1167 1699 Vobis,
1183 1631 1288 1704 inquit,
1305 1632 1441 1703 oportebat
1458 1634 1579 1704 prienam
1603 1634 1768 1688 annuntiari

44 1724 113 1783 lem
124 1742 192 1782 esse
206 1728 322 1798 putant,
334 1721 422 1780 simili
441 1721 566 1777 modoet
577 1720 823 1793 justificationem
838 1735 888 1785 ae·
942 1720 1054 1776 verbnm
1080 1723 1139 1787 Dei,
1155 1720 1201 1776 sed
1227 1723 1356 1792 qnoniam
1385 1721 1511 1792 indiqnos
1540 1737 1586 1777 atos
1607 1721 1766 1793 judicastis,

49 1813 188 1871 neralem
199 1812 353 1886 accipient.
365 1811 420 1868 Sed
432 1827 490 1866 uon
501 1814 545 1866 est
555 1825 667 1876 verum,
680 1809 817 1881 quianon
829 1825 889 1863 om·
903 1840 927 1906 B
942 1812 1122 1867 convertimus
1136 1826 1185 1866 nos
1209 1809 1243 1865 ad
1264 1817 1354 1882 pentes
1369 1810 1506 1882 (11111111,
1518 1811 1573 1879 to).
1585 1810 1619 1864 Et
1637 1810 1660 1865 si
1677 1809 1767 1881 igitur

50 1919 109 1960 nes
129 1903 265 1959 credunt.
279 1923 290 1951 ι
304 1901 384 1957 Hauc
415 1904 536 1956 sanctus
563 1898 758 1971 Hieronymus
780 1897 884 1966 tenuit,
942 1903 1027 1957 antea
1037 1897 1223 1954 incredibiles
1235 1899 1455 1971 permanebant,
1463 1903 1560 1954 tamen
1571 1903 1727 1971 postquam
1738 1903 1767 1953 ct

51 1993 158 2049 dicens
173 1991 204 2047 in
219 1990 407 2064 Expositione
425 1987 560 2062 Epistola
580 1988 616 2044 ad
637 1986 777 2059 Ephesios
789 2005 815 2043 :o
829 1988 886 2042 lloc
941 1990 1038 2062 ipsum
1054 2007 1071 2044 a
1086 1987 1179 2060 Magis
1204 1988 1371 2054 audierunt,
1387 1986 1541 2043 confestim
1565 1989 1599 2042 ad
1616 1987 1764 2042 Christum

55 2081 154 2138 inlici
172 2079 245 2137 Filio
259 2076 399 2153 possibile
410 2076 607 2150 judicandum
624 2079 678 2144 est,
689 2078 768 2148 quod
784 2091 887 2131 cruore
941 2079 1105 2134 debuerunt
1125 2076 1259 2133 advolare
1281 2078 1336 2133 Sed
1353 2077 1454 2149 utique
1473 2076 1641 2140 noluerunt,
1657 2080 1685 2131 et
1699 2092 1765 2147 pro-

55 2188 110 2228 auo
125 2187 184 2227 uon
195 2169 297 2225 urbem
311 2184 411 2231 unam,
426 2167 476 2223 sed
489 2169 581 2222 totum
595 2169 701 2239 purgat
711 2166 839 2221 orbem.»
852 2167 888 2221 Et
941 2173 1039 2242 pterea
1053 2167 1118 2223 istis
1133 2165 1348 2222 dormientibus
1369 2165 1409 2220 illi
1430 2164 1632 2238 preveniunt.»
1644 2165 1680 2219 Et
1695 2164 1765 2219 item

55 2261 86 2317 in
101 2262 270 2317 commento
285 2256 413 2314 Matthaei
432 2274 464 2311 :a
480 2255 567 2312 Solus
582 2259 645 2311 orat
663 2272 715 2327 pro
736 2255 885 2322 omnibus,
942 2259 970 2313 in
988 2256 1109 2312 homilia
1125 2259 1206 2311 sexta
1220 2272 1246 2310 :a
1257 2257 1290 2310 111
1301 2272 1364 2318 cur,
1375 2255 1522 2326 inquiens,
1535 2270 1591 2309 non
1607 2254 1661 2308 boc
1673 2251 1765 2324 bingis

57 2344 736 2420 sicutetsoluspatiturprouniversis.»Etitem
748 2343 775 2398 in
785 2345 886 2399 eodem
941 2347 1079 2403 omatibus
1094 2345 1249 2402 revelavit?
1265 2345 1335 2417 quia
1350 2343 1459 2399 seilicet
1471 2360 1523 2398 nee
1535 2360 1636 2398 omnes
1653 2341 1767 2396 irrorent

56 2437 130 2495 libro
141 2460 157 2487 «
168 2438 258 2493 Filius
271 2437 391 2492 bominis
404 2451 460 2490 non
472 2436 547 2490 venit
559 2435 726 2499 ministrari,
744 2433 790 2488 aed
804 2435 887 2488 mini·
942 2436 1089 2493 credituri.
1104 2461 1117 2484 „
1129 2439 1161 2491 Et
1180 2435 1247 2491 item
1274 2434 1302 2488 in
1328 2432 1447 2488 homilia
1472 2432 1586 2488 decima
1600 2449 1607 2488 ε
1620 2455 1632 2481 a
1651 2432 1685 2486 Et
1701 2447 1765 2502 pro-

59 2526 273 2594 accomodare
287 2523 720 2594 onimamsnainrodcmptioncm
734 2540 783 2594 pro
794 2524 888 2577 maltis
942 2531 1041 2600 pterea
1056 2524 1209 2596 subjunxit
1230 2527 1260 2579 in
1285 2524 1469 2579 testimoniam
1492 2524 1617 2578 orionibus
1641 2520 1767 2591 pentibus

60 2615 132 2685 (Nat.
148 2632 197 2683 xx,
209 2615 266 2686 28).
280 2613 343 2669 Non
360 2613 433 2668 dixit
448 2630 500 2685 pro
515 2612 664 2676 omnihus,
682 2612 731 2667 sed
747 2628 799 2683 pro
815 2610 888 2665 mul·
940 2616 1014 2685 (blot.
1038 2632 1113 2681 xxiv,
1132 2614 1185 2681 11),
1206 2613 1364 2668 ostendens
1390 2628 1447 2666 nori
1473 2628 1503 2665 se
1529 2613 1765 2682 exspectaturum

60 2705 109 2776 tis,
125 2703 155 2759 id
171 2709 217 2760 est
232 2720 284 2775 pro
299 2702 348 2758 his
362 2702 411 2775 qui
429 2702 546 2758 credere
560 2699 724 2756 voluerunt.
736 2723 750 2749 n
761 2702 796 2755 Et
811 2701 889 2755 Beda
942 2709 974 2759 ut
989 2720 1091 2760 omncs
1106 2702 1188 2776 prius
1204 2702 1333 2759 credant.
1349 2704 1377 2754 et
1393 2699 1433 2754 ita
1448 2699 1510 2770 ipse
1525 2697 1575 2770 qui
1593 2698 1766 2771 praedixerat

63 2791 91 2848 in
105 2791 232 2849 homilia
241 2789 387 2865 Evangelii
400 2789 513 2846 decima
524 2790 610 2845 tertia
620 2806 644 2845 :a
657 2790 687 2845 ln
700 2787 810 2861 Spiritu
824 2805 889 2844 sau·
941 2793 1048 2847 veniat.
1060 2791 1141 2858 Quod
1153 2789 1229 2844 enim
1243 2790 1283 2844 ait
1297 2789 1324 2843 in
1337 2787 1538 2845 testimonium
1550 2786 1688 2842 omnibus
1699 2803 1766 2859 gen·

62 2886 106 2938 eto
129 2880 297 2953 baptizans,
313 2879 383 2951 quin
399 2877 543 2943 Christus,
558 2877 593 2933 ad
619 2876 748 2933 tollenda
771 2880 889 2948 peccata
941 2880 1031 2946 tibus,
1043 2880 1097 2934 boc
1112 2882 1156 2936 est
1174 2878 1279 2939 dicero,
1291 2876 1320 2931 in
1342 2876 1557 2931 accusationem
1574 2891 1607 2929 ao
1623 2875 1764 2945 redargu-

63 2987 119 3027 non
134 2968 233 3026 solum
249 2967 349 3034 lsrael,
360 2967 411 3024 sed
427 2971 456 3022 et
470 2967 562 3023 tetius
572 2966 675 3021 muudi
690 2964 713 3019 si
729 2965 754 3021 ei
771 2966 888 3021 eredere
941 2970 1049 3024 tionem
1066 2985 1165 3023 eorum
1179 2966 1228 3038 qui
1244 2963 1398 3038 Evorvgolio
1410 2964 1527 3019 credere
1543 2962 1729 3019 noluerunt.»

60 3058 194 3126 voluerit,
206 3058 330 3113 idoneus
345 3060 400 3112 est.
413 3079 427 3106 n
438 3056 486 3112 Sic
502 3056 594 3112 sensit
613 3059 734 3111 sanctus
750 3053 886 3120 Hilarius,
977 3058 1023 3113 Sic
1047 3055 1214 3129 praedicavit
1238 3057 1358 3110 sanctus
1371 3052 1553 3124 Augustinus
1576 3051 1606 3105 in
1632 3050 1706 3106 libro
1730 3050 1765 3105 de

61 3146 201 3205 diocesin
216 3144 400 3218 Expositione
413 3143 519 3216 psalmi
529 3161 613 3200 cxvru
625 3161 651 3199 :a
665 3145 747 3199 Tunc
758 3142 887 3197 humano
942 3147 1129 3218 correptione
1149 3148 1177 3199 et
1193 3143 1300 3208 Gratia,
1318 3141 1416 3197 dicens
1432 3146 1501 3212 (cap.
1515 3143 1558 3209 16)
1572 3156 1601 3195 :a
1618 3139 1688 3206 Quis
1703 3157 1765 3194 ma-

61 3235 158 3310 generi
175 3235 329 3308 exprobret
344 3251 402 3289 nou
415 3233 555 3299 credenti,
567 3249 643 3305 nequ
662 3233 689 3287 in
704 3233 781 3287 viam
798 3249 886 3287 evan·
901 3206 924 3276 c
944 3237 989 3309 gis
1000 3234 1100 3290 ditexit
1111 3234 1243 3288 inhrnios
1261 3248 1348 3303 quam
1365 3229 1413 3284 ille
1429 3229 1477 3301 qm
1504 3247 1555 3302 pro
1570 3228 1708 3284 omnibus
1722 3232 1767 3283 cst

61 3324 184 3398 gelisam
195 3323 340 3396 pergenti,
350 3321 464 3395 idquod
474 3322 503 3377 in
513 3320 625 3394 psalmo
635 3322 810 3388 continetur,
822 3322 889 3389 Qaae
942 3326 1037 3380 iaetus
1054 3323 1199 3381 inhrvnns.
1210 3325 1238 3374 et
1253 3337 1304 3390 pro
1320 3318 1456 3374 omnibus
1470 3334 1503 3372 ex
1519 3317 1690 3373 infirmitate
1700 3335 1765 3372 oru-

61 3415 167 3469 atilitaa
183 3414 215 3467 in
227 3413 363 3483 sanquine
374 3427 443 3478 meo,
454 3410 519 3466 dum
538 3410 668 3466 descendo
689 3412 717 3465 in
738 3411 887 3482 corraaptio·
942 3413 1068 3470 cibxus‘l
1082 3412 1117 3466 Et
1132 3411 1160 3465 in
1177 3408 1251 3463 libra
1267 3413 1347 3462 sexto
1363 3406 1624 3462 contrectationum
1638 3407 1706 3478 ‘cop
1718 3407 1765 3473 5);

62 3500 403 3574 nemiltxprobratenim
415 3499 644 3572 superbiantque
656 3499 891 3567 maledictis‚cur
943 3502 987 3559 11Ιὶ
1011 3505 1080 3557 sunt
1094 3498 1175 3554 liberi
1193 3514 1209 3551 n
1224 3501 1352 3569 peccato,
1364 3513 1416 3567 pro
1440 3495 1548 3566 quibus
1573 3499 1708 3550 mortuns
1723 3498 1769 3550 est

64 3591 133 3647 nibil
145 3591 176 3646 in
188 3587 536 3661 saemmentosanguinis
547 3587 592 3644 sui
604 3586 802 3659 atqucmortis
813 3587 890 3641 utili-
944 3592 991 3665 qui
1010 3604 1160 3660 nunquam
1178 3587 1272 3641 irrorat
1289 3586 1318 3640 in
1334 3589 1452 3657 peceato
1465 3601 1472 3639 t
1484 3589 1513 3638 et
1527 3601 1595 3639 cum
1615 3583 1703 3639 semel
1730 3582 1769 3638 sit

65 3679 128 3735 tatis
139 3695 202 3735 suae
217 3694 282 3733 esse
295 3676 535 3741 existimaverint,
546 3693 613 3732 cum
629 3675 677 3730 ille
693 3675 785 3731 nostri
801 3691 890 3731 carisa
944 3683 1188 3741 mortuaeaquae
1196 3672 1768 3748 prounoquoquotuncinoritur‚quando

67 3771 91 3823 tl
103 3770 206 3833 118ῒῦ8,
217 3770 247 3821 θ)
263 3782 379 3836 bassus,
390 3768 419 3821 θῑ
433 3768 567 3821 [1101111118
583 3765 631 3820 811-
644 3786 658 3813 ’¹
943 3770 973 3824 in
991 3769 1054 3839 rjus
1069 3763 1368 3836 morte,quantalibot
1379 3762 1472 3818 aetatis
1483 3762 1580 3827 luerit,
1592 3761 1767 3833 baptizatur,

97 3852 889 3926 SictenuitetdocuitsanctusJoannesGhrysostomus,
944 3858 972 3914 id
989 3860 1044 3923 cst,
1060 3860 1129 3910 tanc
1145 3855 1168 3909 ei
1188 3852 1317 3926 proderit
1332 3869 1413 3908 mors
1426 3853 1491 3922 ojus
1506 3851 1555 3923 qui
1577 3851 1632 3906 luit
1653 3851 1681 3905 in
1703 3867 1768 3923 pec-

69 3945 164 4002 dicens
179 3944 211 4000 iu
226 3941 357 4016 Epistola
368 3942 403 3998 ed
416 3940 718 4014 Hebrae08‚q11uliler‹‘
729 3940 824 4015 gratia
839 3941 888 3996 Del
944 3952 1018 4013 cato,
1031 3945 1149 4017 quando
1162 3944 1188 3997 in
1201 3944 1265 4013 ejus
1280 3947 1373 3998 morte
1388 3942 1554 4015 baptizatus
1566 3945 1700 3996 mortuus
1711 3940 1770 3995 luc·

71 4048 115 4106 pro
128 4032 270 4089 omnibus
285 4031 446 4103 gustaverit
460 4035 595 4096 mortem,
607 4047 666 4086 non
686 4047 738 4103 pro
753 4029 890 4085 fidelibus
945 4036 983 4091 rit
995 4035 1083 4090 ctiam
1099 4033 1162 4104 ipse
1184 4035 1312 4104 peccato,
1324 4030 1374 4101 qui
1395 4034 1530 4085 mortuus
1547 4030 1641 4084 irrorat
1657 4028 1686 4083 in
1702 4044 1770 4100 peo-

71 4126 194 4189 nutum,
205 4120 256 4176 sed
269 4137 319 4192 pro
330 4118 593 4176 mundouniverso.
604 4120 640 4174 Et
650 4118 715 4175 ideo
726 4117 892 4174 dictumest
944 4128 1038 4180 cato.»
1049 4121 1096 4178 Sic
1112 4120 1228 4194 rugitus
1244 4119 1343 4191 magni
1360 4118 1474 4183 Leonis,
1490 4135 1570 4190 papae
1587 4116 1698 4173 sciticas
1714 4117 1769 4170 [10.

73 4210 102 4265 td
117 4208 279 4266 mullorum
295 4206 494 4263 exhaurienda
508 4212 636 4279 peecata·
648 4208 683 4262 Et
698 4207 759 4280 lpse
771 4205 889 4279 quidem
944 4228 1038 4268 mone
1054 4209 1145 4272 urbis,
1158 4226 1220 4280 que
1241 4212 1329 4280 caput
1342 4208 1394 4262 ‘est
1412 4206 1608 4262 Ecclesiarum
1624 4203 1769 4267 omnium,

73 4313 117 4370 pro
128 4296 268 4354 omnibus
279 4299 415 4351 mortuus
425 4295 560 4363 est.Quid
572 4299 669 4351 autem
682 4295 704 4350 si
718 4313 774 4351 non
788 4284 891 4352 omues
945 4305 1032 4373 atque
1045 4298 1136 4353 totins
1147 4297 1237 4363 orbis,
1252 4313 1303 4368 per
1316 4298 1421 4359 tetram,
1433 4299 1466 4350 ut
1478 4293 1686 4366 premisimus,
1698 4292 1771 4346 into·

74 4386 210 4443 cadunt?
226 4383 276 4440 ille
291 4384 368 4456 quod
385 4399 472 4439 suum
495 4387 557 4439 erat
576 4383 735 4456 implevit.»
745 4384 781 4440 Et
794 4383 823 4439 ia
837 4384 891 4438 ho·
946 4392 996 4446 nat
1012 4387 1155 4443 mundum
1173 4386 1260 4457 (epist.
1275 4387 1320 4451 97,
1332 4400 1391 4454 cap.
1405 4386 1433 4451 2)
1451 4401 1474 4437 :a
1488 4381 1608 4448 Effusis,
1620 4379 1769 4452 inquiens,

31 4523 36 4531 .
74 4473 148 4531 milia
158 4474 291 4530 secunda
302 4471 430 4528 Mallhael
440 4470 623 4545 evangeliste
633 4489 658 4527 :a
668 4472 775 4544 1111100,
785 4473 890 4544 inquit,
942 4478 1016 4550 justi
1034 4494 1084 4549 pro
1100 4474 1221 4545 injustis
1243 4472 1397 4545 sanguinis
1412 4470 1519 4526 Christi
1545 4474 1606 4525 tam
1623 4469 1677 4524 suit
1691 4469 1772 4526 dives

74 4562 121 4618 tibi
130 4568 198 4619 ante
210 4579 258 4617 me
269 4560 361 4615 lsaias
371 4559 512 4631 propbeta
522 4559 685 4616 denuntiat.
693 4560 844 4633 Siquidem
855 4560 896 4633 ip.
911 4583 935 4649 D
950 4568 986 4622 ad
1003 4564 1139 4638 pretium,
1156 4566 1189 4618 ut
1213 4562 1237 4617 si
1267 4560 1442 4616 universitas
1456 4559 1635 4631 captivorum
1661 4557 1691 4613 in
1714 4558 1771 4613 ee-

74 4652 131 4708 sius
143 4649 306 4722 predicans
316 4649 483 4720 passionem
494 4653 522 4705 et
533 4648 689 4720 plurimam
702 4667 753 4720 pro
764 4654 824 4705 toto
834 4653 892 4705 ter-
948 4656 1127 4726 demptorem
1145 4669 1231 4705 surim
1248 4651 1387 4716 erederet,
1405 4649 1518 4704 nullum
1534 4646 1641 4703 diaboli
1656 4646 1772 4702 vincula

74 4755 167 4794 mmm
178 4737 249 4793 urbe
258 4736 472 4809 pissimumque
482 4741 688 4809 01¹¹·ququ
699 4737 891 4805 admiratus.»
947 4743 1113 4799 retinerent.
1125 4764 1138 4787 ιι
1151 4740 1198 4795 Sic
1214 4741 1333 4794 sanetus
1344 4737 1501 4812 Gregairius
1515 4737 1610 4793 tenuit
1624 4741 1653 4792 et
1668 4736 1771 4808 pradi-

74 4825 234 4898 etreliqua.
257 4825 293 4880 Et
306 4825 375 4880 item
391 4823 422 4879 in
437 4823 559 4880 homilia
573 4830 720 4897 quartana
731 4826 794 4882 Non
809 4827 891 4892 dixit,
947 4830 1032 4891 cavit.
1049 4829 1078 4884 in
1108 4827 1182 4883 libro
1212 4827 1366 4883 Moralium
1395 4827 1509 4883 decimo
1538 4830 1642 4898 quarto
1671 4825 1772 4880 dicens

75 4913 162 4971 Periet
176 4913 242 4982 tibi,
253 4913 304 4969 sod
321 4913 450 4969 medium
466 4912 538 4969 illud
553 4914 653 4986 posuit
667 4918 755 4986 atque
769 4933 892 4988 suspeu-
947 4920 1017 4993 (cap.
1028 4921 1075 4986 22)
1087 4935 1115 4972 :a
1133 4918 1216 4973 Stulti
1243 4933 1347 4989 quoqne
1373 4916 1559 4988 despiciebant
1581 4931 1624 4971 mo
1639 4913 1700 4982 (tob
1715 4929 1770 4980 xix,

74 5018 146 5058 sum.
157 5003 221 5058 Non
237 5000 317 5056 enim
333 4996 386 5069 illi,
398 5001 452 5057 sed
473 5001 606 5057 universo
627 5019 748 5075 prorsus
763 5003 825 5059 orbi
842 5019 893 5074 pe·
949 5010 1003 5077 18).
1014 5008 1053 5062 Ao
1068 5006 1091 5061 si
1109 5010 1207 5078 aperto
1221 5005 1385 5060 diceretur:
1400 5004 1457 5076 ipsi
1473 5005 1560 5060 otiam
1577 5021 1623 5058 uie
1635 5003 1770 5071 despexe·

74 5089 335 5162 peritChristum.»
346 5090 382 5144 Et
396 5095 462 5161 post
480 5105 617 5162 paueat«
636 5090 689 5146 Por
703 5091 799 5162 ipsum
817 5093 894 5148 bona
950 5100 1029 5161 ruat,
1041 5112 1092 5167 pro
1108 5093 1216 5165 quibus
1231 5093 1371 5149 sanandis
1387 5093 1542 5149 stultitiam
1560 5085 1772 5162 predicationis

74 5177 205 5235 universo
220 5177 284 5234 orbi
308 5177 483 5234 conterenda
505 5179 704 5250 pronuntiat.»
717 5180 753 5235 Et
779 5181 847 5235 item
864 5180 894 5236 in
949 5183 1108 5254 assumpsi,
1120 5183 1148 5236 id
1168 5187 1223 5248 est,
1237 5186 1270 5237 ut
1286 5200 1336 5255 per
1351 5199 1467 5237 carnem
1483 5179 1568 5235 Verbi
1586 5178 1770 5240 sanarentur,

73 5264 193 5323 homilia
216 5265 332 5322 decima
347 5266 451 5338 quinta
467 5282 473 5322 :
487 5289 500 5315 n
520 5267 566 5323 Vos
585 5269 649 5323 estis
661 5269 703 5323 sot
725 5275 805 5324 torre
820 5268 893 5336 (11111.
950 5277 978 5328 et
993 5273 1028 5328 ab
1043 5270 1116 5344 ipsis
1127 5272 1282 5343 despectus
1295 5288 1372 5331 sum.
1387 5288 1438 5341 pro
1450 5268 1557 5339 quihus
1573 5264 1680 5319 stultus
1696 5262 1771 5317 nsti-

71 5355 238 5427 v,i3).Pcr
265 5355 341 5425 qt¹⁰sl
372 5354 501 5409 Ofllssss‘lll
529 5370 617 5427 quam
647 5356 810 5412 necessarie
839 5357 896 5412 isla
951 5361 1024 5417 mari
1040 5360 1149 5415 veritus
1172 5376 1230 5414 uon
1251 5376 1345 5414 sitm.»
1360 5358 1394 5412 Et
1418 5356 1447 5410 in
1472 5352 1593 5408 homilia
1615 5351 1773 5407 Ezechielis

71 5443 230 5515 precipiat.
247 5442 309 5497 Non
325 5442 403 5498 enim
421 5459 473 5514 pro
488 5447 592 5510 vestra,
605 5443 710 5515 inquit,
725 5443 818 5499 salute
834 5449 897 5499 tan·
950 5447 1096 5520 prophetae
1110 5463 1116 5501 :
1129 5470 1143 5495 «ι
1159 5446 1212 5501 Ρ1ο
1229 5444 1387 5501 electorum
1403 5442 1461 5496 vita
1480 5455 1573 5508 usque
1593 5439 1628 5494 ad
1650 5442 1772 5494 mortem

69 5532 234 5598 tummodo,
264 5530 315 5587 sed
344 5548 396 5603 pre
426 5530 559 5587 universo
589 5548 709 5603 prorsus
738 5534 808 5589 orbe
835 5535 896 5592 hac
950 5554 981 5592 se
995 5535 1118 5590 tradidit
1141 5539 1243 5589 arictor
1257 5534 1356 5587 vitre.»
1374 5530 1408 5584 Et
1429 5529 1457 5582 in
1482 5526 1603 5582 homilia
1627 5526 1774 5599 Evangelii

69 5617 153 5676 nobis
164 5618 300 5677 doctrina
318 5619 521 5677 committitur.
537 5619 600 5676 Nou
627 5621 664 5677 ad
690 5620 764 5678 duas
788 5623 896 5697 quippe
949 5625 1093 5697 vigesima
1110 5640 1144 5680 :a
1162 5621 1248 5678 illum
1263 5620 1391 5676 loannes
1413 5614 1543 5687 Baptista
1557 5615 1715 5689 predicare
1728 5632 1774 5672 ve-
