3810 6098
127 277 166 338 79
594 274 789 337 albebant
811 274 1036 338 ltHDMllNSlS
1059 274 1369 339 nacflteetscoel.
1797 285 1838 363 80

128 410 177 486 ria
205 407 397 482 Augustinus,
417 409 494 464 sieut
522 412 625 464 contra
653 406 725 465 alias
754 407 859 464 solitus
880 410 952 476 erat,
967 407 995 475 A
1010 407 1175 480 Loqueutes
1186 423 1253 481 ergo
1264 409 1299 466 de
1310 409 1360 466 Dei
1370 411 1505 484 gratiaet
1516 412 1683 470 obedientia
1692 412 1837 496 bominis,

127 503 220 558 morte
231 502 395 573 preventus
407 496 524 570 speciali
537 496 635 553 labore
646 496 776 569 nequivit
786 497 951 570 confligere.
1008 496 1038 552 id
1054 497 1133 553 omni
1150 498 1236 554 modo
1252 502 1378 557 statuere
1389 501 1582 570 dehemus,ut
1596 520 1690 577 neque
1704 505 1791 577 proni
1807 507 1838 563 in

128 591 212 648 Forte
237 588 325 645 etiam
351 586 420 659 quia
439 603 491 658 pro
507 591 584 643 certo
601 588 636 642 ad
652 604 736 643 suam
750 603 808 642 non
823 585 953 660 pervenit
1007 585 1268 662 sinistram,neque
1283 588 1443 661 importuni
1458 590 1488 646 in
1504 590 1665 662 dexteram,
1681 593 1764 667 regia
1778 612 1839 653 ma·

128 678 261 759 notitiam
279 695 285 732 :
304 694 391 748 quam
408 677 433 733 si
449 677 595 732 evidrnter
619 676 794 750 agnovisset,
811 676 889 732 credi
905 693 953 748 po·
1007 674 1053 747 gis
1068 675 1239 749 gradiamur
1253 677 1394 735 vialllud
1410 683 1508 737 autem
1523 681 1742 738 venerationem
1753 688 1838 742 tuam

127 770 185 824 test
197 767 232 822 do
247 765 342 838 ipsius
357 765 478 821 fervoris
493 763 553 820 zelo
569 781 638 837 erga
653 763 720 819 fidei
742 762 951 832 sinceritatem,
1007 762 1115 821 dixisse
1129 765 1255 824 miratus
1271 768 1431 840 sum,quod
1442 767 1542 826 nullus
1558 787 1692 844 unquam
1704 772 1763 828 suh
1774 773 1840 829 reli·

23 866 27 871 ·
127 855 198 928 quia
209 872 267 911 non
278 855 427 912 omitteret
438 855 508 927 quin
520 852 953 924 contraillamsorihereproeu-
1006 852 1089 925 giosa
1103 855 1283 927 professione
1299 861 1401 914 contra
1415 857 1590 916 catholicam
1606 860 1696 916 fidem
1706 860 1752 917 vel
1767 861 1851 919 scri·'

127 949 223 1003 roret:
241 945 317 1001 sieut
332 950 360 1001 et
375 945 658 1016 commistamque
673 943 751 1015 apud
768 941 865 998 Gallos
876 941 951 997 exei-
1007 942 1099 1015 pserit
1113 943 1156 999 vel
1171 945 1381 1017 praedicaverit,
1392 964 1460 1005 cum
1475 947 1595 1021 plurimi
1611 948 1793 1023 multiplices
1808 956 1838 1010 et

126 1034 444 1108 tatapchrosperum
467 1038 496 1090 et
513 1033 654 1090 Hilarium
684 1031 740 1088 sibi
770 1031 908 1095 innotuit,
924 1034 953 1088 et
1006 1031 1835 1109 profanoserroressuosetiamscriptorummonumentis

127 1129 213 1183 antea
227 1125 257 1180 in
272 1123 417 1180 Africanis
433 1122 601 1196 regionibus
616 1125 793 1178 commotam
804 1137 862 1176 non
872 1119 952 1192 igno·
1006 1120 1193 1177 erediderunt
1218 1122 1400 1195 inserendos,
1417 1125 1468 1198 qui
1483 1130 1582 1183 tamen
1602 1125 1771 1185 Christiano
1782 1146 1835 1186 no·

127 1213 210 1285 ravit,
228 1213 333 1287 cuique
349 1229 454 1269 nomen
471 1213 548 1284 quod
558 1214 660 1285 postea
675 1210 786 1283 accepit
801 1226 858 1265 non
875 1207 951 1264 iudi·
1006 1207 1085 1265 mine
1100 1208 1313 1282 gloriabantur.
1328 1212 1456 1271 Breviter
1473 1231 1541 1289 ergo
1565 1215 1674 1285 dicam,
1688 1220 1835 1288 quantam

126 1304 180 1376 dit,
196 1301 265 1376 quia
280 1301 311 1358 in
325 1319 378 1359 suo
395 1307 525 1373 tempore
554 1316 723 1372 compressa
750 1298 874 1372 pleniter
893 1314 951 1353 non
1006 1315 1073 1356 cum
1085 1300 1204 1357 absente
1220 1300 1301 1373 loqui
1316 1303 1523 1377 passumquid
1534 1305 1644 1362 sentire
1655 1322 1724 1362 cum
1738 1306 1835 1363 catho-

126 1392 284 1452 ebmutuit.
301 1392 357 1449 Sed
372 1395 438 1464 post
457 1391 571 1447 obitum
586 1389 676 1457 illius,
693 1387 867 1444 auctoritate
882 1403 950 1459 apo·
1005 1387 1062 1445 lica
1077 1387 1212 1446 Ecclesia
1236 1389 1352 1447 debeas.
1369 1392 1399 1447 ld
1415 1397 1461 1449 est
1474 1397 1507 1449 ut
1521 1409 1589 1449 eum
1605 1395 1702 1468 gratia
1718 1384 1835 1453 Domini

127 1481 235 1539 stolicm
263 1481 350 1550 sedis,
369 1498 420 1553 per
448 1480 565 1535 beatum
594 1476 793 1545 leestinum,
810 1475 952 1532 instantia
1005 1475 1204 1549 operationem
1220 1477 1358 1550 baptizati
1375 1479 1478 1536 famuli
1492 1497 1608 1554 semper
1622 1482 1782 1557 adiungas,
1798 1484 1835 1543 ad

125 1570 221 1629 sancti
236 1569 379 1642 Prosperi,
396 1587 431 1625 ex
455 1568 635 1641 delegatione
660 1568 753 1640 ipsius
767 1569 873 1622 sauctae
890 1563 951 1619 uni·
1006 1581 1074 1621 oum
1089 1565 1138 1638 qui
1155 1566 1441 1638 praedestinationem
1456 1568 1573 1626 excluso
1589 1568 1690 1628 labora
1705 1571 1836 1636 hominis

126 1659 247 1717 versalis
262 1658 407 1725 Ecclesia,
423 1658 518 1714 verbis
535 1657 647 1730 praelati
661 1653 836 1712 venerabilis
851 1655 950 1726 Augu·
1006 1654 1111 1711 asserit
1124 1671 1192 1710 eum
1209 1654 1316 1729 Pelagii
1339 1657 1476 1730 dogmate
1490 1659 1655 1718 detesteris.
1671 1660 1837 1731 Anathema

126 1749 196 1807 stini
212 1748 344 1823 synodali
360 1765 485 1804 censura
504 1753 548 1803 ost
564 1747 730 1818 redarguta,
747 1744 887 1811 convicta,
905 1747 951 1798 at·
1006 1759 1073 1816 ergo
1085 1743 1191 1816 ilti‚qui
1202 1743 1278 1801 inter
1291 1743 1420 1818 reliquas
1437 1745 1545 1821 Pelagii
1560 1746 1729 1820 impietates
1744 1749 1837 1807 homi·

126 1856 183 1913 que
198 1839 304 1910 sopita,
317 1836 406 1892 relati
422 1834 642 1908 suprascriptus
659 1835 762 1890 heatus
777 1831 951 1890 Caelestinus
1006 1849 1074 1890 nem
1089 1831 1151 1889 sine
1166 1839 1283 1905 peccato
1295 1834 1418 1901 nesciet
1426 1853 1479 1909 per
1495 1834 1591 1893 solum
1603 1835 1736 1895 laborem
1749 1855 1835 1912 posse

125 1927 156 1983 in
172 1931 333 1981 memorata
347 1924 471 1997 epistola
486 1926 668 1979 domonstrat
683 1923 783 1978 dicens
797 1925 886 1994 (epist.
898 1922 925 1994 8)
943 1938 950 1979 :
1006 1920 1293 1990 salvari,damnanda
1308 1923 1535 1996 presumptione
1550 1926 1835 2001 contenderit,etqui

127 2038 141 2066 a
157 2013 364 2070 Dilectissimis
380 2012 520 2069 fratribus
536 2012 669 2080 Venerio,
686 2011 808 2078 Marino,
820 2011 950 2077 Leontio,
1006 2026 1074 2066 eum
1090 2009 1153 2066 sine
1168 2011 1263 2084 gratia
1278 2011 1328 2067 Dei
1345 2010 1462 2069 liberari
1478 2030 1565 2085 posse
1581 2013 1747 2073 crediderit.
1762 2016 1834 2074 Item

125 2102 265 2170 Ausonio,
281 2101 438 2170 Archadio,
454 2101 589 2172 h'iltauio,
605 2107 633 2157 et
655 2099 767 2156 catoris
789 2099 951 2156 Galliarum
1006 2100 1165 2174 anathema
1179 2098 1288 2172 ilti‚qui
1303 2100 1453 2158 hominem
1469 2119 1537 2159 oum
1554 2103 1632 2160 fideli
1648 2105 1835 2165 consessione

125 2191 271 2267 episcopis
284 2192 493 2248 Caelestinus.»
508 2193 542 2246 et
557 2192 593 2246 ad
610 2191 705 2246 locum
723 2208 729 2245 :
749 2211 763 2239 a
778 2189 844 2246 Filii
860 2189 950 2244 nostri
1005 2186 1176 2251 solemniter
1186 2189 1368 2260 baptizatum
1381 2194 1409 2247 et
1424 2194 1603 2248 asserentem
1618 2192 1796 2251 catholicam
1806 2195 1836 2250 fi·

126 2286 285 2356 presentes
305 2281 429 2353 Prosper
438 2285 466 2336 et
477 2280 615 2348 llilarius,
628 2296 751 2352 quorum
768 2279 845 2334 eirea
859 2279 951 2334 Deum
1006 2277 1120 2345 dcm‚et
1129 2278 1318 2349 postmodum
1333 2296 1386 2352 per
1401 2279 1516 2337 diversa
1530 2281 1636 2337 mundi
1651 2280 1741 2355 hujus
1754 2282 1836 2341 oble-

126 2375 261 2444 nostrum
286 2369 454 2427 sollicitudo
479 2369 625 2424 laudanda
641 2373 694 2436 est,
713 2372 827 2424 tantum
854 2366 952 2423 neseio
1007 2370 1154 2425 elementa
1169 2370 1198 2422 et
1212 2371 1394 2424 tentamenta
1408 2368 1624 2443 prolapsum,in
1634 2371 1729 2428 Adam
1743 2375 1772 2429 et
1782 2373 1838 2430 ori·

126 2462 234 2534 quibus
250 2459 428 2533 presbyteris
443 2458 503 2513 illie
518 2456 853 2530 licere,quidissensioni
866 2456 953 2513 ecele-
1006 2454 1103 2528 ginalo
1118 2461 1270 2528 peccatum
1282 2457 1404 2529 periisse
1420 2458 1666 2516 asseruerit.ltem
1676 2461 1838 2523 anathema

126 2550 239 2606 siarum
255 2549 403 2616 studeant,
421 2552 490 2604 suut
505 2549 581 2620 apud
599 2565 652 2604 nos
668 2547 860 2619 prosecuti,ut
876 2545 952 2601 indi·
1005 2543 1061 2612 illi,
1077 2542 1128 2617 qui
1141 2562 1192 2617 per
1206 2545 1258 2601 Dei
1273 2546 1487 2619 praescientiam
1502 2548 1654 2605 hominem
1669 2550 1798 2624 deprimi
1806 2552 1837 2611 in

126 2634 953 2711 soiplinatasquaestionesvocantesinniediumpertina·
1006 2637 1131 2690 mortem
1154 2632 1268 2689 dixerit.
1284 2635 1355 2691 ltem
1384 2636 1542 2693 anathema
1567 2636 1621 2705 illi,
1647 2639 1698 2711 qui
1728 2640 1837 2698 dixerit

127 2727 202 2785 citer
210 2744 260 2784 eos
271 2726 370 2783 dicant
384 2726 542 2798 praedicare
557 2724 741 2782 adversantia
754 2722 880 2779 veritati.
897 2723 952 2779 Sed
1006 2721 1091 2778 illum
1102 2721 1153 2794 qui
1169 2722 1255 2794 periit
1264 2740 1323 2780 non
1334 2725 1483 2798 accepisse
1492 2731 1524 2782 ut
1533 2725 1632 2784 salvus
1642 2744 1708 2784 esse
1722 2734 1834 2801 posset.

127 2821 230 2874 vestra
244 2815 394 2872 dilectioni
404 2814 577 2887 hocjustius
593 2815 774 2887 imputamus
785 2811 953 2886 quandoilli
1007 2811 1080 2868 Item
1096 2811 1370 2885 anathemailli,qui
1381 2805 1574 2888 dixerit'quod
1584 2815 1836 2876 vasineontume·

127 2922 219 2979 supra
232 2921 284 2962 vos
308 2905 418 2961 habent
442 2905 555 2977 copiam
581 2903 760 2977 disputandi.
776 2927 791 2955 a
808 2904 844 2959 Et
859 2902 928 2958 item
944 2918 951 2957 :
1007 2899 1077 2956 liam
1094 2917 1152 2957 non
1171 2901 1265 2973 possit
1285 2919 1450 2976 assurgere,
1466 2908 1499 2959 ut
1513 2904 1553 2962 sit
1567 2921 1617 2962 ras
1633 2905 1664 2962 in
1679 2905 1834 2964 honorem.

128 3019 143 3048 ι(
155 2996 306 3063 Habetote,
318 2995 422 3051 iratres
433 2993 611 3062 charissimi,
628 3010 680 3065 pro
695 2992 844 3049 catholica
859 2990 953 3065 plebis
1008 2989 1080 3047 ltem
1096 2989 1253 3046 anathema
1268 2990 1321 3057 illi,
1337 2992 1388 3064 qui
1405 2993 1511 3050 dixerit
1531 2995 1609 3067 quod
1624 2994 1759 3053 Christus
1775 3013 1835 3055 nou

127 3101 198 3158 pace
209 3087 366 3141 tractatum
379 3101 385 3138 :
399 3084 494 3140 sciant
504 3100 545 3152 se,
562 3082 585 3138 si
601 3088 698 3138 [anien
716 3086 873 3139 censentur
887 3098 952 3153 pre·
1007 3096 1059 3152 pro
1075 3079 1214 3136 omnibus
1229 3086 1363 3138 mortuus
1378 3081 1426 3151 sit,
1438 3098 1492 3139 nec
1507 3099 1609 3141 omnes
1624 3083 1760 3141 homines
1776 3085 1835 3145 sal·

126 3156 1058 3247 shyteriidignitatc,aobisessesubjectos3soiantom-(lvos
1087 3185 1152 3226 esse
1182 3168 1350 3226 selittlum
1375 3175 1474 3228 autem
1494 3173 1530 3229 ad
1547 3172 1837 3234 nosinChristino·

127 3278 180 3318 nes
195 3261 246 3333 qui
261 3261 337 3317 male
352 3261 548 3332 docent,quod
565 3261 620 3316 sibi
638 3261 750 3316 discere
765 3259 860 3332 magis
876 3275 953 3314 eom·
1006 3257 1085 3314 mine
1110 3258 1233 3328 veneris,
1266 3263 1317 3315 aut
1346 3277 1413 3316 cum
1439 3279 1457 3318 a
1483 3261 1593 3319 sanctis
1629 3264 1835 3323 sacerdotibus

127 3352 208 3422 petat
218 3365 308 3420 quam
323 3348 513 3404 deceroNam
528 3348 599 3420 quid
611 3346 779 3404 incoclcsiis
791 3364 842 3404 vos
853 3346 949 3420 agitis,
1005 3351 1143 3404 evocatus
1160 3347 1348 3415 sacristana
1373 3355 1539 3423 opportuna
1562 3350 1588 3407 si
1612 3350 1757 3410 Dominus
1767 3354 1834 3425 jus·

126 3437 153 3495 si
168 3437 211 3493 illi
226 3453 374 3494 summam
390 3441 508 3493 teneant
524 3436 723 3509 predicandi?
735 3460 748 3487 »
1005 3436 1078 3493 serit
1096 3436 1167 3492 loeis
1190 3437 1252 3493 suis
1276 3438 1447 3495 testimonia
1470 3441 1663 3516 proferemus,
1680 3442 1793 3514 quibus
1807 3447 1837 3509 et

161 3527 205 3583 Ad
220 3527 306 3599 cujus
316 3524 483 3597 jussionem
500 3523 630 3597 predicti
647 3523 808 3581 Galliarum
822 3524 951 3598 episcopi
1006 3543 1070 3599 quaa
1087 3525 1232 3585 catholiea
1255 3534 1326 3584 sunt
1350 3529 1708 3602 manifestandamque
1731 3531 1836 3588 catho-

126 3618 272 3691 synodum
284 3616 491 3682 habueruut,et
504 3613 674 3686 hujusmodi
686 3630 771 3685 prave
782 3613 950 3682 sentientes,
1005 3615 1232 3673 lieiscontraria
1261 3617 1460 3676 destruantur.
1476 3619 1535 3677 Nos
1562 3622 1660 3675 autem
1689 3635 1742 3693 per
1771 3618 1838 3679 illu·

127 3709 178 3763 aut
189 3703 394 3776 resipiscentes
406 3703 512 3775 pietate
523 3700 719 3758 ecclesiastiea
731 3699 951 3774 regulariterre-
1007 3705 1199 3763 minationem
1227 3705 1335 3763 Christi
1363 3706 1503 3763 veraciter
1529 3710 1559 3764 et
1587 3706 1768 3764 confidenter
1791 3725 1836 3764 as·

127 3792 374 3867 oeperunt,autin
386 3808 439 3847 sua
450 3791 730 3863 vecordiaetpraris
741 3791 877 3847 sensibus
888 3807 951 3862 per·
1006 3793 1144 3861 serimus,
1160 3799 1189 3849 et
1209 3811 1277 3850 curn
1308 3795 1358 3867 qui
1386 3795 1473 3869 periit
1496 3813 1548 3869 per
1572 3794 1835 3868 culpam,salrum

126 3883 266 3940 sistentes
289 3878 448 3954 episcopali
476 3884 563 3952 atque
587 3878 729 3936 catholiea
744 3883 773 3935 ct
794 3877 953 3951 apostolica
1006 3899 1070 3938 esse
1085 3883 1216 3954 potuisse
1230 3900 1282 3956 per
1296 3885 1432 3957 gratiam,
1444 3885 1468 3941 si
1485 3884 1584 3958 gratia
1598 3883 1654 3958 ipsi
1668 3885 1775 3942 famuli
1791 3885 1833 3945 la·

127 3969 627 4031 auotoritateaeonsortiofidelium
642 3973 877 4041 segregaverunt,
896 3967 951 4024 sic·
1006 3970 1086 4028 boris
1112 3970 1307 4028 obedientiam
1332 3990 1390 4029 non
1417 3977 1562 4048 negasset,
1579 3977 1690 4030 eleum
1714 3975 1765 4047 qui
1781 3992 1834 4049 pm

120 4063 160 4118 ut
170 4058 295 4132 epistola
305 4058 437 4116 amicalis
448 4059 499 4114 16
511 4058 610 4114 Fausti
626 4059 662 4114 ad
678 4058 821 4114 Lucidum
837 4057 954 4130 presby·
1006 4060 1131 4133 gratiam
1142 4061 1179 4116 ad
1190 4060 1272 4117 bona
1283 4062 1835 4121 consummationismotasservitioob·

126 4154 234 4219 terum,
251 4153 280 4206 et
293 4147 411 4205 libellus
425 4149 558 4220 ejusdem
573 4146 734 4221 presbyteri
751 4146 852 4203 Lucidi
869 4146 897 4201 in
910 4163 953 4219 sy·
1007 4152 1147 4221 sequente
1157 4150 1405 4223 perrenit‚eadere
1416 4168 1467 4225 per
1478 4151 1621 4208 desidiam
1632 4156 1661 4209 et
1674 4153 1771 4227 perire
1785 4171 1834 4228 po-

127 4240 203 4298 nodo
221 4242 372 4313 porrectus
398 4236 542 4309 episcopis
562 4240 660 4308 aperte
676 4235 858 4291 demonstrat
870 4252 876 4290 :
889 4252 952 4307 quoe
1006 4238 1099 4294 tuisse
1113 4255 1165 4312 per
1179 4239 1308 4312 culpam.
1324 4240 1383 4298 Nos
1406 4256 1474 4314 ergo
1489 4257 1541 4315 per
1557 4240 1700 4311 medium,
1716 4241 1833 4301 Christo

128 4333 265 4401 utraque,
282 4332 311 4386 et
325 4326 478 4400 epistolam
503 4324 614 4382 scilicet
628 4329 655 4381 et
669 4324 856 4380 correctionis
871 4322 953 4379 libel·
972 4400 975 4404 ,
1008 4326 1274 4400 dueagradientes,
1287 4334 1353 4400 post
1363 4331 1488 4404 gratiam
1498 4330 1561 4388 sine
1572 4347 1629 4404 qua
1640 4329 1715 4387 nihil
1726 4345 1834 4390 sumus

127 4417 199 4486 lum,
210 4417 246 4472 ad
261 4417 525 4473 demonstrandum
542 4415 581 4471 rei
598 4414 715 4470 evidens
732 4414 952 4479 documentum,
1007 4417 1137 4473 laborem
1162 4417 1298 4475 officiosa
1323 4418 1473 4476 servitutis
1488 4419 1667 4479 asserimus:
1684 4421 1736 4478 sed
1752 4422 1834 4480 omni

127 4505 197 4578 quia
210 4521 268 4560 non
279 4506 439 4576 quaerimus
450 4506 485 4563 de
497 4504 650 4561 mendacio
661 4506 791 4559 astruere
801 4502 953 4558 veritatem
967 4529 992 4596 D
1008 4507 1094 4563 modo
1104 4506 1600 4582 arrogantiametpresumptionem
1615 4507 1725 4568 laboris
1736 4511 1834 4569 exclu-

126 4593 175 4650 hic
190 4593 317 4650 inserere
333 4595 530 4652 necessarium
546 4595 694 4651 duximus.
1008 4597 1121 4665 dimus3
1131 4600 1163 4652 ut
1173 4596 1362 4653 totisviribus
1373 4598 1550 4655 desudantes
1561 4599 1737 4673 negratiain
1749 4601 1834 4658 nohis

1007 4685 1319 4758 evacuetur,quidquid
1328 4687 1363 4742 de
1375 4704 1466 4744 manu
1476 4687 1592 4744 Domini
1603 4688 1834 4762 susceperimus,

1007 4774 1173 4830 fladonum
1185 4774 1408 4847 pronuntiemus
1419 4793 1483 4835 esse
1494 4794 1552 4834 non
1562 4777 1834 4850 pretium,seientes

163 4859 177 4921 «ἰ
191 4867 313 4924 Domino
337 4866 564 4935 devinctissimo,
581 4867 696 4925 etmihi
712 4866 832 4941 speciali
846 4866 953 4922 attactu
1007 4862 1116 4921 laboris
1127 4863 1221 4936 ipsius
1235 4866 1363 4922 fructum
1375 4865 1463 4923 officii
1479 4884 1541 4924 rem
1556 4883 1630 4936 esse,
1647 4884 1706 4924 non
1722 4867 1833 4937 meriti,

127 4957 292 5018 venerando
306 4961 335 5013 ot
348 4957 536 5029 suscipiendo
552 4957 645 5025 tratri,
659 4957 768 5012 Lucida
785 4955 952 5030 presbytero
1008 4969 1075 5009 eum
1086 4953 1271 5026 Di'angelista
1282 4955 1427 5012 dicentes:
1439 4957 1634 5014 Seroiiaatites
1643 4957 1835 5032 summoned

128 5049 264 5107 Faustus.
279 5046 406 5103 Grandis
431 5046 558 5102 charitas
583 5052 627 5103 est
642 5061 746 5118 parum
762 5044 839 5099 cauti
856 5043 953 5099 fratris
1006 5041 1149 5098 debuimus
1172 5043 1271 5114 socero,
1300 5046 1415 5116 scotinus
1439 5046 1514 5119 (Lae.
1530 5063 1598 5116 xvn,
1615 5048 1671 5117 10).
1688 5046 1756 5104 Hac
1771 5064 1837 5120 qua

127 5154 316 5210 erroremper
327 5136 379 5193 Dei
393 5135 518 5210 gratiam
534 5142 562 5192 ot
576 5134 758 5207 adjutorium
775 5131 869 5206 magis
879 5131 951 5188 velle
1006 5131 1132 5188 strictim
1153 5149 1205 5205 pro
1224 5133 1352 5205 epistola
1368 5134 1507 5192 brevitate
1522 5140 1684 5193 memorata
1697 5141 1770 5193 sunt
1784 5141 1837 5194 aut

127 5243 331 5301 curare,quam
345 5227 422 5282 sieut
433 5225 541 5280 summi
558 5223 703 5281 antistites
719 5222 900 5278 meditantur
915 5220 951 5276 ah
1005 5221 1133 5293 recipcre
1144 5226 1239 5290 se‚aut
1249 5239 1395 5295 respuere,
1408 5224 1590 5281 unanimitas
1600 5230 1652 5281 tua
1666 5230 1836 5282 recurrente

226 4736 347 4808 Epistola
362 4738 456 4792 Fausti
466 4736 501 4791 ad
515 4737 645 4792 Lucidum
657 4736 856 4809 presbyteram.

22 5370 25 5374 Α
127 5318 240 5375 unitate
253 5315 526 5392 suspendcro.Quid
542 5332 662 5387 possum
678 5315 713 5370 do
729 5312 783 5368 boo
800 5328 889 5368 sensu
899 5310 953 5367 sic·
1005 5328 1139 5368 sermone
1155 5312 1339 5385 respondeat.
1356 5312 1497 5369 Ceterum
1520 5313 1570 5385 qai
1596 5313 1672 5371 hanc
1701 5314 1838 5372 veritatis

126 5407 218 5463 utris
233 5425 301 5465 cum
315 5405 508 5466 unanimitate
523 5410 575 5461 tua
589 5421 641 5476 per
655 5402 767 5458 litteras
783 5399 951 5472 lequi.cum
1005 5417 1176 5458 mensuram
1190 5401 1285 5475 gratia
1299 5402 1479 5474 precedente
1494 5407 1524 5459 et
1538 5407 1643 5459 conatu
1659 5407 1838 5477 assurgente

124 5497 154 5551 te
168 5510 296 5566 praesens
320 5497 415 5556 multa
429 5501 457 5554 et
473 5495 582 5553 blanda
595 5499 624 5550 et
639 5490 745 5548 humili
760 5488 952 5547 collocutione
1005 5490 1222 5573 nonsequitur,
1238 5491 1346 5565 dignus
1361 5490 1416 5548 erit
1430 5490 1481 5564 qui
1496 5491 1587 5550 saeris
1616 5490 1774 5549 liminibus
1788 5509 1837 5549 ar·

114 5599 279 5662 nunquam
296 5588 443 5663 potuerim
470 5586 506 5646 ad
528 5588 605 5644 viam
625 5578 758 5642 veritatis
783 5576 951 5640 attraheret
1005 5580 1285 5656 ceatungotamen
1302 5577 1485 5640 individuam
1494 5579 1567 5638 mihi
1580 5579 1835 5640 bonitatemtaam
