<?xml version="1.0" encoding="UTF-8"?>
<!DOCTYPE html PUBLIC "-//W3C//DTD XHTML 1.0 Transitional//EN"
    "http://www.w3.org/TR/xhtml1/DTD/xhtml1-transitional.dtd">
<html xmlns="http://www.w3.org/1999/xhtml" xml:lang="en" lang="en">
 <head>
  <title>
</title>
<meta http-equiv="Content-Type" content="text/html;charset=utf-8" />
  <meta name='ocr-system' content='tesseract 3.04.00' />
  <meta name='ocr-capabilities' content='ocr_page ocr_carea ocr_par ocr_line ocrx_word'/>
</head>
<body>
  <div class='ocr_page' id='page_1' title='image "./patrologiaecurs46unkngoog_0031.png"; bbox 0 0 3810 6098; ppageno 0'>
   <div class='ocr_carea' id='block_1_1' title="bbox 117 324 1830 403">
    <p class='ocr_par' dir='ltr' id='par_1_1' title="bbox 117 324 1830 403">
     <span class='ocr_line' id='line_1_1' title="bbox 117 324 1830 403; baseline -0.007 -2"><span class='ocrx_word' id='word_1_1' title='bbox 117 336 155 403; x_wconf 80' lang='lat' dir='ltr'>tt</span> <span class='ocrx_word' id='word_1_2' title='bbox 582 330 772 393; x_wconf 70' lang='lat' dir='ltr'>uincuntur</span> <span class='ocrx_word' id='word_1_3' title='bbox 795 325 1019 390; x_wconf 77' lang='lat' dir='ltr'>aunuuusts</span> <span class='ocrx_word' id='word_1_4' title='bbox 1041 325 1350 389; x_wconf 79' lang='lat' dir='ltr'>aueutuetscerl.</span> <span class='ocrx_word' id='word_1_5' title='bbox 1784 324 1830 389; x_wconf 79' lang='lat'>52</span> 
     </span>
    </p>
   </div>
   <div class='ocr_carea' id='block_1_2' title="bbox 112 426 1836 5678">
    <p class='ocr_par' dir='ltr' id='par_1_2' title="bbox 113 426 1836 4434">
     <span class='ocr_line' id='line_1_2' title="bbox 117 426 1831 531; baseline -0.008 -2"><span class='ocrx_word' id='word_1_6' title='bbox 117 486 171 529; x_wconf 84' lang='lat' dir='ltr'>suo</span> <span class='ocrx_word' id='word_1_7' title='bbox 181 470 243 528; x_wconf 89' lang='lat' dir='ltr'>icco</span> <span class='ocrx_word' id='word_1_8' title='bbox 254 469 395 527; x_wconf 76' lang='lat' dir='ltr'><strong>dicemus.</strong></span> <span class='ocrx_word' id='word_1_9' title='bbox 407 466 597 523; x_wconf 88' lang='lat' dir='ltr'>Inserueruut</span> <span class='ocrx_word' id='word_1_10' title='bbox 608 464 696 521; x_wconf 89' lang='lat' dir='ltr'>etiam</span> <span class='ocrx_word' id='word_1_11' title='bbox 707 464 737 519; x_wconf 89' lang='lat' dir='ltr'>in</span> <span class='ocrx_word' id='word_1_12' title='bbox 752 462 863 520; x_wconf 87' lang='lat' dir='ltr'>eisdem</span> <span class='ocrx_word' id='word_1_13' title='bbox 879 460 942 516; x_wconf 91' lang='lat' dir='ltr'>suis</span> <span class='ocrx_word' id='word_1_14' title='bbox 956 460 984 526; x_wconf 75' lang='grc' dir='ltr'><strong>Α</strong></span> <span class='ocrx_word' id='word_1_15' title='bbox 998 459 1143 531; x_wconf 79' lang='lat' dir='ltr'>synodum</span> <span class='ocrx_word' id='word_1_16' title='bbox 1158 460 1397 514; x_wconf 74' lang='lat' dir='ltr'>consacerdotum</span> <span class='ocrx_word' id='word_1_17' title='bbox 1410 459 1496 514; x_wconf 89' lang='lat' dir='ltr'>debet</span> <span class='ocrx_word' id='word_1_18' title='bbox 1505 457 1614 527; x_wconf 84' lang='lat' dir='ltr'>venire,</span> <span class='ocrx_word' id='word_1_19' title='bbox 1626 462 1659 514; x_wconf 93' lang='lat' dir='ltr'>ut</span> <span class='ocrx_word' id='word_1_20' title='bbox 1668 463 1720 514; x_wconf 91' lang='lat' dir='ltr'>aut</span> <span class='ocrx_word' id='word_1_21' title='bbox 1733 426 1831 516; x_wconf 53' lang='lat' dir='ltr'>disca*</span> 
     </span>
     <span class='ocr_line' id='line_1_3' title="bbox 117 547 1829 633; baseline -0.008 -15"><span class='ocrx_word' id='word_1_22' title='bbox 117 560 280 633; x_wconf 86' lang='lat' dir='ltr'>scriptisde</span> <span class='ocrx_word' id='word_1_23' title='bbox 290 556 467 631; x_wconf 87' lang='lat' dir='ltr'>quibusdam</span> <span class='ocrx_word' id='word_1_24' title='bbox 481 553 628 610; x_wconf 77' lang='lat' dir='ltr'>sexdecim</span> <span class='ocrx_word' id='word_1_25' title='bbox 640 552 787 624; x_wconf 87' lang='lat' dir='ltr'>capitulis,</span> <span class='ocrx_word' id='word_1_26' title='bbox 800 550 883 623; x_wconf 90' lang='lat' dir='ltr'>quasi</span> <span class='ocrx_word' id='word_1_27' title='bbox 896 567 946 604; x_wconf 88' lang='lat' dir='ltr'>no·</span> <span class='ocrx_word' id='word_1_28' title='bbox 998 551 1050 603; x_wconf 81' lang='lat' dir='ltr'>aiat</span> <span class='ocrx_word' id='word_1_29' title='bbox 1064 547 1189 603; x_wconf 81' lang='lat' dir='ltr'>doceat?</span> <span class='ocrx_word' id='word_1_30' title='bbox 1210 547 1331 603; x_wconf 87' lang='lat' dir='ltr'>Litteras</span> <span class='ocrx_word' id='word_1_31' title='bbox 1348 565 1475 620; x_wconf 82' lang='lat' dir='ltr'>iramque</span> <span class='ocrx_word' id='word_1_32' title='bbox 1500 549 1699 619; x_wconf 89' lang='lat' dir='ltr'>quorumdam</span> <span class='ocrx_word' id='word_1_33' title='bbox 1725 567 1829 605; x_wconf 89' lang='lat' dir='ltr'>eorum</span> 
     </span>
     <span class='ocr_line' id='line_1_4' title="bbox 116 635 1829 716; baseline -0.009 -9"><span class='ocrx_word' id='word_1_34' title='bbox 116 649 163 707; x_wconf 90' lang='lat' dir='ltr'>bis</span> <span class='ocrx_word' id='word_1_35' title='bbox 172 648 297 705; x_wconf 88' lang='lat' dir='ltr'>debeant</span> <span class='ocrx_word' id='word_1_36' title='bbox 308 642 448 716; x_wconf 88' lang='lat' dir='ltr'>imputari</span> <span class='ocrx_word' id='word_1_37' title='bbox 459 660 465 699; x_wconf 89' lang='grc'>;</span> <span class='ocrx_word' id='word_1_38' title='bbox 477 642 629 715; x_wconf 90' lang='lat' dir='ltr'>dequibus</span> <span class='ocrx_word' id='word_1_39' title='bbox 639 639 710 696; x_wconf 86' lang='lat' dir='ltr'>nihil</span> <span class='ocrx_word' id='word_1_40' title='bbox 720 637 943 706; x_wconf 87' lang='lat' dir='ltr'>audivimus,vcl</span> <span class='ocrx_word' id='word_1_41' title='bbox 999 635 1119 709; x_wconf 92' lang='lat' dir='ltr'>quidam</span> <span class='ocrx_word' id='word_1_42' title='bbox 1135 641 1267 691; x_wconf 91' lang='lat' dir='ltr'>nostram</span> <span class='ocrx_word' id='word_1_43' title='bbox 1278 637 1421 708; x_wconf 82' lang='lat' dir='ltr'>benignas</span> <span class='ocrx_word' id='word_1_44' title='bbox 1432 641 1460 691; x_wconf 87' lang='lat' dir='ltr'>et</span> <span class='ocrx_word' id='word_1_45' title='bbox 1473 637 1617 692; x_wconf 84' lang='lat' dir='ltr'>fraternas</span> <span class='ocrx_word' id='word_1_46' title='bbox 1629 638 1829 711; x_wconf 74' lang='lat' dir='ltr'>suscepimus,</span> 
     </span>
     <span class='ocr_line' id='line_1_5' title="bbox 115 724 1830 806; baseline -0.006 -13"><span class='ocrx_word' id='word_1_47' title='bbox 115 737 257 802; x_wconf 88' lang='lat' dir='ltr'>vidimus,</span> <span class='ocrx_word' id='word_1_48' title='bbox 269 737 427 806; x_wconf 88' lang='lat' dir='ltr'>antequam</span> <span class='ocrx_word' id='word_1_49' title='bbox 444 730 619 787; x_wconf 88' lang='lat' dir='ltr'>venerabilis</span> <span class='ocrx_word' id='word_1_50' title='bbox 634 731 693 785; x_wconf 75' lang='lat' dir='ltr'>ubo</span> <span class='ocrx_word' id='word_1_51' title='bbox 705 727 946 799; x_wconf 87' lang='lat' dir='ltr'>Gratianopolitn-</span> <span class='ocrx_word' id='word_1_52' title='bbox 1000 730 1174 796; x_wconf 86' lang='lat' dir='ltr'>nostrasque</span> <span class='ocrx_word' id='word_1_53' title='bbox 1190 724 1248 779; x_wconf 88' lang='lat' dir='ltr'>iilis</span> <span class='ocrx_word' id='word_1_54' title='bbox 1264 724 1443 788; x_wconf 84' lang='lat' dir='ltr'>remisimus,</span> <span class='ocrx_word' id='word_1_55' title='bbox 1461 729 1489 779; x_wconf 87' lang='lat' dir='ltr'>et</span> <span class='ocrx_word' id='word_1_56' title='bbox 1504 724 1576 778; x_wconf 92' lang='lat' dir='ltr'>nihil</span> <span class='ocrx_word' id='word_1_57' title='bbox 1598 726 1633 781; x_wconf 91' lang='lat' dir='ltr'>de</span> <span class='ocrx_word' id='word_1_58' title='bbox 1653 726 1711 781; x_wconf 88' lang='lat' dir='ltr'>tale</span> <span class='ocrx_word' id='word_1_59' title='bbox 1727 745 1830 782; x_wconf 89' lang='lat' dir='ltr'>eorum</span> 
     </span>
     <span class='ocr_line' id='line_1_6' title="bbox 117 812 1835 895; baseline -0.005 -15"><span class='ocrx_word' id='word_1_60' title='bbox 117 841 174 880; x_wconf 81' lang='lat' dir='ltr'>nus</span> <span class='ocrx_word' id='word_1_61' title='bbox 189 822 345 895; x_wconf 88' lang='lat' dir='ltr'>episcopus</span> <span class='ocrx_word' id='word_1_62' title='bbox 355 821 439 877; x_wconf 89' lang='lat' dir='ltr'>vobis</span> <span class='ocrx_word' id='word_1_63' title='bbox 455 836 499 889; x_wconf 90' lang='lat' dir='ltr'>ea,</span> <span class='ocrx_word' id='word_1_64' title='bbox 510 819 595 890; x_wconf 92' lang='lat' dir='ltr'>quasi</span> <span class='ocrx_word' id='word_1_65' title='bbox 606 836 623 873; x_wconf 91' lang='lat' dir='ltr'>a</span> <span class='ocrx_word' id='word_1_66' title='bbox 635 819 716 873; x_wconf 73' lang='lat' dir='ltr'>bonae</span> <span class='ocrx_word' id='word_1_67' title='bbox 733 816 879 871; x_wconf 78' lang='lat' dir='ltr'>memoriae</span> <span class='ocrx_word' id='word_1_68' title='bbox 891 816 945 869; x_wconf 85' lang='lat' dir='ltr'>ira·</span> <span class='ocrx_word' id='word_1_69' title='bbox 1000 816 1080 886; x_wconf 90' lang='lat' dir='ltr'>patre</span> <span class='ocrx_word' id='word_1_70' title='bbox 1096 813 1307 884; x_wconf 79' lang='lat' dir='ltr'>perspeximus,</span> <span class='ocrx_word' id='word_1_71' title='bbox 1324 812 1503 878; x_wconf 76' lang='lat' dir='ltr'>erudivimus,</span> <span class='ocrx_word' id='word_1_72' title='bbox 1520 813 1730 879; x_wconf 64' lang='lat' dir='ltr'>intelleximus</span> <span class='ocrx_word' id='word_1_73' title='bbox 1740 819 1835 872; x_wconf 84' lang='lat' dir='ltr'>sensi-</span> 
     </span>
     <span class='ocr_line' id='line_1_7' title="bbox 117 900 1833 979; baseline -0.006 -9"><span class='ocrx_word' id='word_1_74' title='bbox 117 917 162 970; x_wconf 83' lang='lat' dir='ltr'>tre</span> <span class='ocrx_word' id='word_1_75' title='bbox 173 914 268 968; x_wconf 88' lang='lat' dir='ltr'>vestro</span> <span class='ocrx_word' id='word_1_76' title='bbox 281 909 417 966; x_wconf 63' lang='lat' dir='ltr'>liuthario</span> <span class='ocrx_word' id='word_1_77' title='bbox 429 909 613 971; x_wconf 82' lang='lat' dir='ltr'>transmissa,</span> <span class='ocrx_word' id='word_1_78' title='bbox 622 907 699 979; x_wconf 90' lang='lat' dir='ltr'>apud</span> <span class='ocrx_word' id='word_1_79' title='bbox 707 903 885 961; x_wconf 90' lang='lat' dir='ltr'>Vcrmeriam</span> <span class='ocrx_word' id='word_1_80' title='bbox 898 921 946 975; x_wconf 92' lang='lat' dir='ltr'>pa·</span> <span class='ocrx_word' id='word_1_81' title='bbox 1000 900 1123 968; x_wconf 89' lang='lat' dir='ltr'>mus,vel</span> <span class='ocrx_word' id='word_1_82' title='bbox 1135 901 1282 973; x_wconf 75' lang='lat' dir='ltr'>percipere</span> <span class='ocrx_word' id='word_1_83' title='bbox 1293 900 1510 973; x_wconf 70' lang='lat' dir='ltr'>praevaluimus.</span> <span class='ocrx_word' id='word_1_84' title='bbox 1522 901 1550 956; x_wconf 89' lang='lat' dir='ltr'>Si</span> <span class='ocrx_word' id='word_1_85' title='bbox 1563 907 1662 957; x_wconf 88' lang='lat' dir='ltr'>autem</span> <span class='ocrx_word' id='word_1_86' title='bbox 1674 903 1747 959; x_wconf 89' lang='lat' dir='ltr'>talia</span> <span class='ocrx_word' id='word_1_87' title='bbox 1760 908 1833 961; x_wconf 91' lang='lat' dir='ltr'>scri-</span> 
     </span>
     <span class='ocr_line' id='line_1_8' title="bbox 117 990 1834 1069; baseline -0.003 -13"><span class='ocrx_word' id='word_1_88' title='bbox 117 998 223 1057; x_wconf 85' lang='lat' dir='ltr'>latium</span> <span class='ocrx_word' id='word_1_89' title='bbox 242 998 356 1056; x_wconf 87' lang='lat' dir='ltr'>detulit.</span> <span class='ocrx_word' id='word_1_90' title='bbox 371 1001 500 1064; x_wconf 84' lang='lat' dir='ltr'>Quorum</span> <span class='ocrx_word' id='word_1_91' title='bbox 516 996 712 1069; x_wconf 88' lang='lat' dir='ltr'>capitulorum</span> <span class='ocrx_word' id='word_1_92' title='bbox 728 998 877 1049; x_wconf 90' lang='lat' dir='ltr'>auctorem</span> <span class='ocrx_word' id='word_1_93' title='bbox 894 1009 946 1047; x_wconf 89' lang='lat' dir='ltr'>nec</span> <span class='ocrx_word' id='word_1_94' title='bbox 1000 995 1132 1064; x_wconf 88' lang='lat' dir='ltr'>pserunt,</span> <span class='ocrx_word' id='word_1_95' title='bbox 1143 991 1166 1046; x_wconf 93' lang='lat' dir='ltr'>si</span> <span class='ocrx_word' id='word_1_96' title='bbox 1178 992 1249 1045; x_wconf 84' lang='lat' dir='ltr'>torte</span> <span class='ocrx_word' id='word_1_97' title='bbox 1260 990 1301 1044; x_wconf 92' lang='lat' dir='ltr'>illi</span> <span class='ocrx_word' id='word_1_98' title='bbox 1314 990 1506 1062; x_wconf 86' lang='lat' dir='ltr'>seripserunt,</span> <span class='ocrx_word' id='word_1_99' title='bbox 1516 995 1640 1047; x_wconf 88' lang='lat' dir='ltr'>utsuam</span> <span class='ocrx_word' id='word_1_100' title='bbox 1653 995 1834 1066; x_wconf 85' lang='lat' dir='ltr'>sapientiam</span> 
     </span>
     <span class='ocr_line' id='line_1_9' title="bbox 118 1079 1834 1155; baseline -0.003 -11"><span class='ocrx_word' id='word_1_101' title='bbox 118 1088 161 1144; x_wconf 91' lang='lat' dir='ltr'>ibi</span> <span class='ocrx_word' id='word_1_102' title='bbox 173 1089 346 1144; x_wconf 86' lang='lat' dir='ltr'>adnotatum</span> <span class='ocrx_word' id='word_1_103' title='bbox 358 1086 536 1151; x_wconf 76' lang='lat' dir='ltr'>invenimus,</span> <span class='ocrx_word' id='word_1_104' title='bbox 547 1101 599 1140; x_wconf 88' lang='lat' dir='ltr'>nee</span> <span class='ocrx_word' id='word_1_105' title='bbox 610 1102 677 1139; x_wconf 83' lang='lat' dir='ltr'>oiim</span> <span class='ocrx_word' id='word_1_106' title='bbox 688 1081 814 1137; x_wconf 90' lang='lat' dir='ltr'>multum</span> <span class='ocrx_word' id='word_1_107' title='bbox 828 1080 948 1153; x_wconf 71' lang='lat' dir='ltr'>quaesie-</span> <span class='ocrx_word' id='word_1_108' title='bbox 1000 1080 1036 1135; x_wconf 91' lang='lat' dir='ltr'>de</span> <span class='ocrx_word' id='word_1_109' title='bbox 1052 1085 1152 1134; x_wconf 88' lang='lat' dir='ltr'>nostra</span> <span class='ocrx_word' id='word_1_110' title='bbox 1167 1079 1336 1151; x_wconf 89' lang='lat' dir='ltr'>insipientia</span> <span class='ocrx_word' id='word_1_111' title='bbox 1352 1081 1597 1149; x_wconf 84' lang='lat' dir='ltr'>demonstrarent,</span> <span class='ocrx_word' id='word_1_112' title='bbox 1610 1086 1638 1137; x_wconf 93' lang='lat' dir='ltr'>et</span> <span class='ocrx_word' id='word_1_113' title='bbox 1652 1081 1721 1153; x_wconf 91' lang='lat' dir='ltr'>plus</span> <span class='ocrx_word' id='word_1_114' title='bbox 1737 1085 1775 1138; x_wconf 86' lang='lat' dir='ltr'>dc</span> <span class='ocrx_word' id='word_1_115' title='bbox 1787 1086 1834 1155; x_wconf 87' lang='lat' dir='ltr'>ja·</span> 
     </span>
     <span class='ocr_line' id='line_1_10' title="bbox 120 1168 1835 1246; baseline -0.003 -12"><span class='ocrx_word' id='word_1_116' title='bbox 120 1177 224 1246; x_wconf 86' lang='lat' dir='ltr'>rimus,</span> <span class='ocrx_word' id='word_1_117' title='bbox 237 1177 366 1232; x_wconf 90' lang='lat' dir='ltr'>invenire</span> <span class='ocrx_word' id='word_1_118' title='bbox 377 1174 626 1232; x_wconf 79' lang='lat' dir='ltr'>valuimusUnde</span> <span class='ocrx_word' id='word_1_119' title='bbox 637 1173 805 1245; x_wconf 88' lang='lat' dir='ltr'>putavimus</span> <span class='ocrx_word' id='word_1_120' title='bbox 816 1171 885 1242; x_wconf 89' lang='lat' dir='ltr'>quia</span> <span class='ocrx_word' id='word_1_121' title='bbox 898 1169 947 1224; x_wconf 89' lang='lat' dir='ltr'>ali·</span> <span class='ocrx_word' id='word_1_122' title='bbox 1000 1170 1111 1224; x_wconf 86' lang='lat' dir='ltr'>etantin</span> <span class='ocrx_word' id='word_1_123' title='bbox 1140 1169 1236 1224; x_wconf 87' lang='lat' dir='ltr'>landis</span> <span class='ocrx_word' id='word_1_124' title='bbox 1265 1168 1427 1240; x_wconf 91' lang='lat' dir='ltr'>appetitum</span> <span class='ocrx_word' id='word_1_125' title='bbox 1452 1174 1729 1242; x_wconf 77' lang='lat' dir='ltr'>quaererent,quam</span> <span class='ocrx_word' id='word_1_126' title='bbox 1756 1174 1835 1228; x_wconf 89' lang='lat' dir='ltr'>hena</span> 
     </span>
     <span class='ocr_line' id='line_1_11' title="bbox 121 1257 1831 1340; baseline -0.005 -15"><span class='ocrx_word' id='word_1_127' title='bbox 121 1268 206 1340; x_wconf 68' lang='lat' dir='ltr'>cnjus</span> <span class='ocrx_word' id='word_1_128' title='bbox 216 1266 326 1323; x_wconf 90' lang='lat' dir='ltr'>invidia</span> <span class='ocrx_word' id='word_1_129' title='bbox 337 1267 373 1322; x_wconf 90' lang='lat' dir='ltr'>ad</span> <span class='ocrx_word' id='word_1_130' title='bbox 382 1267 559 1337; x_wconf 87' lang='lat' dir='ltr'>cujusquam</span> <span class='ocrx_word' id='word_1_131' title='bbox 568 1260 946 1335; x_wconf 86' lang='lat' dir='ltr'>opinioneminiamandam</span> <span class='ocrx_word' id='word_1_132' title='bbox 1001 1263 1101 1314; x_wconf 90' lang='lat' dir='ltr'>nostra</span> <span class='ocrx_word' id='word_1_133' title='bbox 1116 1261 1144 1313; x_wconf 87' lang='lat' dir='ltr'>et</span> <span class='ocrx_word' id='word_1_134' title='bbox 1159 1258 1231 1313; x_wconf 83' lang='lat' dir='ltr'>liene</span> <span class='ocrx_word' id='word_1_135' title='bbox 1247 1275 1264 1311; x_wconf 90' lang='lat' dir='ltr'>a</span> <span class='ocrx_word' id='word_1_136' title='bbox 1280 1258 1364 1311; x_wconf 87' lang='lat' dir='ltr'>nobis</span> <span class='ocrx_word' id='word_1_137' title='bbox 1379 1258 1468 1327; x_wconf 86' lang='lat' dir='ltr'>dieta,</span> <span class='ocrx_word' id='word_1_138' title='bbox 1480 1257 1504 1313; x_wconf 86' lang='lat' dir='ltr'>si</span> <span class='ocrx_word' id='word_1_139' title='bbox 1521 1260 1623 1325; x_wconf 78' lang='lat' dir='ltr'>forent,</span> <span class='ocrx_word' id='word_1_140' title='bbox 1636 1277 1688 1331; x_wconf 86' lang='lat' dir='ltr'>per</span> <span class='ocrx_word' id='word_1_141' title='bbox 1702 1260 1831 1316; x_wconf 89' lang='lat' dir='ltr'>charita·</span> 
     </span>
     <span class='ocr_line' id='line_1_12' title="bbox 122 1346 1832 1428; baseline -0.004 -16"><span class='ocrx_word' id='word_1_142' title='bbox 122 1356 232 1413; x_wconf 81' lang='lat' dir='ltr'>luerint</span> <span class='ocrx_word' id='word_1_143' title='bbox 246 1354 413 1428; x_wconf 89' lang='lat' dir='ltr'>compilata,</span> <span class='ocrx_word' id='word_1_144' title='bbox 426 1354 501 1410; x_wconf 91' lang='lat' dir='ltr'>sicut</span> <span class='ocrx_word' id='word_1_145' title='bbox 518 1369 593 1424; x_wconf 80' lang='lat' dir='ltr'>saepe</span> <span class='ocrx_word' id='word_1_146' title='bbox 608 1349 788 1423; x_wconf 79' lang='lat' dir='ltr'>legimusUt</span> <span class='ocrx_word' id='word_1_147' title='bbox 799 1348 835 1403; x_wconf 90' lang='lat' dir='ltr'>de</span> <span class='ocrx_word' id='word_1_148' title='bbox 846 1347 947 1402; x_wconf 90' lang='lat' dir='ltr'>multis</span> <span class='ocrx_word' id='word_1_149' title='bbox 1001 1351 1060 1402; x_wconf 83' lang='lat' dir='ltr'>tem</span> <span class='ocrx_word' id='word_1_150' title='bbox 1077 1364 1131 1402; x_wconf 90' lang='lat' dir='ltr'>sna</span> <span class='ocrx_word' id='word_1_151' title='bbox 1147 1347 1274 1402; x_wconf 87' lang='lat' dir='ltr'>iacerent</span> <span class='ocrx_word' id='word_1_152' title='bbox 1290 1364 1297 1401; x_wconf 76' lang='grc' dir='ltr'><strong><em>ε</em></strong></span> <span class='ocrx_word' id='word_1_153' title='bbox 1315 1346 1338 1402; x_wconf 89' lang='lat' dir='ltr'>si</span> <span class='ocrx_word' id='word_1_154' title='bbox 1355 1347 1443 1402; x_wconf 89' lang='lat' dir='ltr'>otiam</span> <span class='ocrx_word' id='word_1_155' title='bbox 1459 1364 1544 1403; x_wconf 90' lang='lat' dir='ltr'>secus</span> <span class='ocrx_word' id='word_1_156' title='bbox 1559 1365 1576 1402; x_wconf 88' lang='lat' dir='ltr'>a</span> <span class='ocrx_word' id='word_1_157' title='bbox 1591 1349 1675 1404; x_wconf 90' lang='lat' dir='ltr'>nobis</span> <span class='ocrx_word' id='word_1_158' title='bbox 1692 1349 1773 1404; x_wconf 89' lang='lat' dir='ltr'>dieta</span> <span class='ocrx_word' id='word_1_159' title='bbox 1790 1351 1832 1406; x_wconf 89' lang='lat' dir='ltr'>in·</span> 
     </span>
     <span class='ocr_line' id='line_1_13' title="bbox 121 1435 1832 1519; baseline -0.004 -17"><span class='ocrx_word' id='word_1_160' title='bbox 121 1461 217 1519; x_wconf 88' lang='lat' dir='ltr'>pauca</span> <span class='ocrx_word' id='word_1_161' title='bbox 230 1460 506 1509; x_wconf 83' lang='lat' dir='ltr'>commemoremus,</span> <span class='ocrx_word' id='word_1_162' title='bbox 517 1440 606 1497; x_wconf 90' lang='lat' dir='ltr'>veluti</span> <span class='ocrx_word' id='word_1_163' title='bbox 621 1438 743 1512; x_wconf 88' lang='lat' dir='ltr'>epistola</span> <span class='ocrx_word' id='word_1_164' title='bbox 752 1435 947 1509; x_wconf 90' lang='lat' dir='ltr'>capitulorum</span> <span class='ocrx_word' id='word_1_165' title='bbox 1000 1440 1151 1503; x_wconf 86' lang='lat' dir='ltr'>venerunt,</span> <span class='ocrx_word' id='word_1_166' title='bbox 1161 1435 1228 1508; x_wconf 89' lang='lat' dir='ltr'>pius</span> <span class='ocrx_word' id='word_1_167' title='bbox 1244 1435 1294 1490; x_wconf 90' lang='lat' dir='ltr'>illa</span> <span class='ocrx_word' id='word_1_168' title='bbox 1304 1435 1454 1506; x_wconf 89' lang='lat' dir='ltr'>publicare</span> <span class='ocrx_word' id='word_1_169' title='bbox 1465 1453 1553 1508; x_wconf 88' lang='lat' dir='ltr'>quarn</span> <span class='ocrx_word' id='word_1_170' title='bbox 1564 1454 1618 1492; x_wconf 91' lang='lat' dir='ltr'>nos</span> <span class='ocrx_word' id='word_1_171' title='bbox 1632 1437 1760 1494; x_wconf 76' lang='lat' dir='ltr'>fraterne</span> <span class='ocrx_word' id='word_1_172' title='bbox 1772 1457 1832 1494; x_wconf 81' lang='lat' dir='ltr'>cor</span> 
     </span>
     <span class='ocr_line' id='line_1_14' title="bbox 121 1524 1834 1606; baseline -0.004 -17"><span class='ocrx_word' id='word_1_173' title='bbox 121 1533 242 1602; x_wconf 85' lang='lat' dir='ltr'>exstitit,</span> <span class='ocrx_word' id='word_1_174' title='bbox 253 1550 342 1606; x_wconf 89' lang='lat' dir='ltr'>quarn</span> <span class='ocrx_word' id='word_1_175' title='bbox 353 1530 529 1588; x_wconf 89' lang='lat' dir='ltr'>venerabilis</span> <span class='ocrx_word' id='word_1_176' title='bbox 542 1531 608 1586; x_wconf 91' lang='lat' dir='ltr'>ibas</span> <span class='ocrx_word' id='word_1_177' title='bbox 619 1529 774 1601; x_wconf 87' lang='lat' dir='ltr'>episeopus</span> <span class='ocrx_word' id='word_1_178' title='bbox 790 1542 874 1582; x_wconf 84' lang='lat' dir='ltr'>suain</span> <span class='ocrx_word' id='word_1_179' title='bbox 884 1540 949 1580; x_wconf 89' lang='lat' dir='ltr'>esse</span> <span class='ocrx_word' id='word_1_180' title='bbox 1002 1524 1095 1598; x_wconf 80' lang='lat' dir='ltr'>rIgore</span> <span class='ocrx_word' id='word_1_181' title='bbox 1108 1524 1297 1580; x_wconf 91' lang='lat' dir='ltr'>maluerunt:</span> <span class='ocrx_word' id='word_1_182' title='bbox 1314 1524 1459 1580; x_wconf 87' lang='lat' dir='ltr'>miramur</span> <span class='ocrx_word' id='word_1_183' title='bbox 1473 1526 1508 1580; x_wconf 91' lang='lat' dir='ltr'>de</span> <span class='ocrx_word' id='word_1_184' title='bbox 1523 1525 1612 1580; x_wconf 90' lang='lat' dir='ltr'>tantis</span> <span class='ocrx_word' id='word_1_185' title='bbox 1628 1532 1656 1582; x_wconf 89' lang='lat' dir='ltr'>et</span> <span class='ocrx_word' id='word_1_186' title='bbox 1672 1527 1786 1583; x_wconf 85' lang='lat' dir='ltr'>talibus</span> <span class='ocrx_word' id='word_1_187' title='bbox 1796 1528 1834 1582; x_wconf 85' lang='lat' dir='ltr'>vi·</span> 
     </span>
     <span class='ocr_line' id='line_1_15' title="bbox 120 1613 1836 1696; baseline -0.005 -18"><span class='ocrx_word' id='word_1_188' title='bbox 120 1622 280 1696; x_wconf 80' lang='lat' dir='ltr'>insynodo</span> <span class='ocrx_word' id='word_1_189' title='bbox 300 1621 469 1696; x_wconf 85' lang='lat' dir='ltr'>denegavit;</span> <span class='ocrx_word' id='word_1_190' title='bbox 499 1623 528 1675; x_wconf 91' lang='lat' dir='ltr'>et</span> <span class='ocrx_word' id='word_1_191' title='bbox 555 1616 767 1690; x_wconf 86' lang='lat' dir='ltr'>sicutquidam</span> <span class='ocrx_word' id='word_1_192' title='bbox 792 1613 888 1671; x_wconf 75' lang='lat' dir='ltr'>aemuli</span> <span class='ocrx_word' id='word_1_193' title='bbox 912 1614 948 1669; x_wconf 93' lang='lat' dir='ltr'>de</span> <span class='ocrx_word' id='word_1_194' title='bbox 1003 1613 1836 1687; x_wconf 63' lang='lat' dir='ltr'>ris,archicpiscopisetepiscoporumprimoribusmaxi-</span> 
     </span>
     <span class='ocr_line' id='line_1_16' title="bbox 120 1701 1834 1785; baseline -0.005 -17"><span class='ocrx_word' id='word_1_195' title='bbox 120 1712 217 1769; x_wconf 85' lang='lat' dir='ltr'>verbis</span> <span class='ocrx_word' id='word_1_196' title='bbox 232 1712 310 1770; x_wconf 89' lang='lat' dir='ltr'>beati</span> <span class='ocrx_word' id='word_1_197' title='bbox 325 1709 483 1785; x_wconf 77' lang='lat' dir='ltr'>Augustini</span> <span class='ocrx_word' id='word_1_198' title='bbox 499 1710 596 1765; x_wconf 87' lang='lat' dir='ltr'>adhuc</span> <span class='ocrx_word' id='word_1_199' title='bbox 612 1708 641 1763; x_wconf 92' lang='lat' dir='ltr'>in</span> <span class='ocrx_word' id='word_1_200' title='bbox 664 1705 791 1763; x_wconf 88' lang='lat' dir='ltr'>suavita</span> <span class='ocrx_word' id='word_1_201' title='bbox 806 1704 947 1769; x_wconf 83' lang='lat' dir='ltr'>iecerunt,</span> <span class='ocrx_word' id='word_1_202' title='bbox 1002 1720 1049 1758; x_wconf 87' lang='lat' dir='ltr'>me</span> <span class='ocrx_word' id='word_1_203' title='bbox 1065 1706 1163 1759; x_wconf 89' lang='lat' dir='ltr'>autem</span> <span class='ocrx_word' id='word_1_204' title='bbox 1179 1704 1215 1758; x_wconf 88' lang='lat' dir='ltr'>de</span> <span class='ocrx_word' id='word_1_205' title='bbox 1230 1703 1338 1769; x_wconf 73' lang='lat' dir='ltr'>libone,</span> <span class='ocrx_word' id='word_1_206' title='bbox 1351 1703 1401 1774; x_wconf 91' lang='lat' dir='ltr'>qui</span> <span class='ocrx_word' id='word_1_207' title='bbox 1423 1701 1577 1775; x_wconf 88' lang='lat' dir='ltr'>religiosus</span> <span class='ocrx_word' id='word_1_208' title='bbox 1592 1708 1646 1771; x_wconf 91' lang='lat' dir='ltr'>est,</span> <span class='ocrx_word' id='word_1_209' title='bbox 1663 1708 1697 1758; x_wconf 94' lang='lat' dir='ltr'>ut</span> <span class='ocrx_word' id='word_1_210' title='bbox 1716 1706 1834 1760; x_wconf 88' lang='lat' dir='ltr'>audivi-</span> 
     </span>
     <span class='ocr_line' id='line_1_17' title="bbox 119 1791 1836 1893; baseline -0.005 -36"><span class='ocrx_word' id='word_1_211' title='bbox 119 1817 185 1874; x_wconf 77' lang='lat' dir='ltr'>quae</span> <span class='ocrx_word' id='word_1_212' title='bbox 204 1800 253 1857; x_wconf 89' lang='lat' dir='ltr'>ilie</span> <span class='ocrx_word' id='word_1_213' title='bbox 275 1805 377 1874; x_wconf 89' lang='lat' dir='ltr'>argute</span> <span class='ocrx_word' id='word_1_214' title='bbox 401 1803 431 1854; x_wconf 87' lang='lat' dir='ltr'>et</span> <span class='ocrx_word' id='word_1_215' title='bbox 454 1797 596 1853; x_wconf 90' lang='lat' dir='ltr'>catholico</span> <span class='ocrx_word' id='word_1_216' title='bbox 621 1796 739 1868; x_wconf 91' lang='lat' dir='ltr'>repulit,</span> <span class='ocrx_word' id='word_1_217' title='bbox 751 1796 895 1866; x_wconf 86' lang='lat' dir='ltr'>quantuni</span> <span class='ocrx_word' id='word_1_218' title='bbox 911 1792 945 1847; x_wconf 90' lang='lat' dir='ltr'>ad</span> <span class='ocrx_word' id='word_1_219' title='bbox 964 1829 987 1893; x_wconf 77' lang='lat' dir='ltr'>B</span> <span class='ocrx_word' id='word_1_220' title='bbox 1003 1809 1084 1859; x_wconf 91' lang='lat' dir='ltr'>mns;</span> <span class='ocrx_word' id='word_1_221' title='bbox 1102 1791 1210 1863; x_wconf 88' lang='lat' dir='ltr'>quippe</span> <span class='ocrx_word' id='word_1_222' title='bbox 1225 1791 1302 1847; x_wconf 89' lang='lat' dir='ltr'>sicut</span> <span class='ocrx_word' id='word_1_223' title='bbox 1317 1793 1353 1846; x_wconf 91' lang='lat' dir='ltr'>ab</span> <span class='ocrx_word' id='word_1_224' title='bbox 1368 1791 1441 1864; x_wconf 89' lang='lat' dir='ltr'>ipsis</span> <span class='ocrx_word' id='word_1_225' title='bbox 1457 1808 1531 1864; x_wconf 90' lang='lat' dir='ltr'>pene</span> <span class='ocrx_word' id='word_1_226' title='bbox 1546 1792 1703 1849; x_wconf 83' lang='lat' dir='ltr'>cunabulis</span> <span class='ocrx_word' id='word_1_227' title='bbox 1719 1795 1776 1849; x_wconf 90' lang='lat' dir='ltr'>sub</span> <span class='ocrx_word' id='word_1_228' title='bbox 1792 1812 1836 1850; x_wconf 91' lang='lat' dir='ltr'>re·</span> 
     </span>
     <span class='ocr_line' id='line_1_18' title="bbox 116 1879 1835 1954; baseline -0.003 -10"><span class='ocrx_word' id='word_1_229' title='bbox 116 1886 198 1944; x_wconf 88' lang='lat' dir='ltr'>illius</span> <span class='ocrx_word' id='word_1_230' title='bbox 221 1886 358 1942; x_wconf 90' lang='lat' dir='ltr'>notitiam</span> <span class='ocrx_word' id='word_1_231' title='bbox 382 1884 486 1940; x_wconf 80' lang='lat' dir='ltr'>exinde</span> <span class='ocrx_word' id='word_1_232' title='bbox 515 1883 737 1954; x_wconf 89' lang='lat' dir='ltr'>pervenit.Post</span> <span class='ocrx_word' id='word_1_233' title='bbox 765 1883 830 1952; x_wconf 81' lang='lat' dir='ltr'>ejus</span> <span class='ocrx_word' id='word_1_234' title='bbox 860 1880 948 1934; x_wconf 87' lang='lat' dir='ltr'>etiam</span> <span class='ocrx_word' id='word_1_235' title='bbox 1002 1879 1271 1953; x_wconf 87' lang='lat' dir='ltr'>ligionoethabitu</span> <span class='ocrx_word' id='word_1_236' title='bbox 1298 1880 1424 1952; x_wconf 86' lang='lat' dir='ltr'>regulari</span> <span class='ocrx_word' id='word_1_237' title='bbox 1445 1880 1575 1936; x_wconf 87' lang='lat' dir='ltr'>nutritus</span> <span class='ocrx_word' id='word_1_238' title='bbox 1600 1881 1629 1935; x_wconf 94' lang='lat' dir='ltr'>in</span> <span class='ocrx_word' id='word_1_239' title='bbox 1656 1881 1835 1938; x_wconf 84' lang='lat' dir='ltr'>ilhemensis</span> 
     </span>
     <span class='ocr_line' id='line_1_19' title="bbox 118 1967 1834 2046; baseline -0.003 -16"><span class='ocrx_word' id='word_1_240' title='bbox 118 1969 703 2046; x_wconf 87' lang='lat' dir='ltr'>obitum,quidaminvidicapitulatimde</span> <span class='ocrx_word' id='word_1_241' title='bbox 715 1967 946 2040; x_wconf 88' lang='lat' dir='ltr'>ipsiusscriptis,</span> <span class='ocrx_word' id='word_1_242' title='bbox 1002 1967 1136 2024; x_wconf 74' lang='lat' dir='ltr'>sceleste</span> <span class='ocrx_word' id='word_1_243' title='bbox 1153 1969 1340 2032; x_wconf 83' lang='lat' dir='ltr'>monasterio,</span> <span class='ocrx_word' id='word_1_244' title='bbox 1354 1968 1403 2023; x_wconf 92' lang='lat' dir='ltr'>ubi</span> <span class='ocrx_word' id='word_1_245' title='bbox 1423 1968 1581 2041; x_wconf 89' lang='lat' dir='ltr'>requiescit</span> <span class='ocrx_word' id='word_1_246' title='bbox 1595 1974 1717 2028; x_wconf 88' lang='lat' dir='ltr'>sanctus</span> <span class='ocrx_word' id='word_1_247' title='bbox 1733 1971 1834 2026; x_wconf 77' lang='lat' dir='ltr'>Remi-</span> 
     </span>
     <span class='ocr_line' id='line_1_20' title="bbox 118 2056 1836 2131; baseline -0.002 -12"><span class='ocrx_word' id='word_1_248' title='bbox 118 2061 210 2119; x_wconf 81' lang='lat' dir='ltr'>exhis</span> <span class='ocrx_word' id='word_1_249' title='bbox 221 2061 310 2117; x_wconf 88' lang='lat' dir='ltr'>etiam</span> <span class='ocrx_word' id='word_1_250' title='bbox 323 2061 402 2116; x_wconf 87' lang='lat' dir='ltr'>unde</span> <span class='ocrx_word' id='word_1_251' title='bbox 412 2075 490 2114; x_wconf 91' lang='lat' dir='ltr'>nunc</span> <span class='ocrx_word' id='word_1_252' title='bbox 501 2058 607 2130; x_wconf 88' lang='lat' dir='ltr'>agitur,</span> <span class='ocrx_word' id='word_1_253' title='bbox 615 2056 750 2128; x_wconf 88' lang='lat' dir='ltr'>colligere</span> <span class='ocrx_word' id='word_1_254' title='bbox 760 2059 946 2120; x_wconf 89' lang='lat' dir='ltr'>curaverunt,</span> <span class='ocrx_word' id='word_1_255' title='bbox 1002 2057 1118 2131; x_wconf 90' lang='lat' dir='ltr'>gins.1n</span> <span class='ocrx_word' id='word_1_256' title='bbox 1131 2074 1188 2129; x_wconf 89' lang='lat' dir='ltr'>qno</span> <span class='ocrx_word' id='word_1_257' title='bbox 1197 2057 1260 2113; x_wconf 92' lang='lat' dir='ltr'>loeo</span> <span class='ocrx_word' id='word_1_258' title='bbox 1269 2057 1405 2130; x_wconf 81' lang='lat' dir='ltr'>religioso</span> <span class='ocrx_word' id='word_1_259' title='bbox 1414 2075 1498 2113; x_wconf 87' lang='lat' dir='ltr'>suam</span> <span class='ocrx_word' id='word_1_260' title='bbox 1507 2058 1836 2131; x_wconf 65' lang='lat' dir='ltr'>exagitatatemquou·</span> 
     </span>
     <span class='ocr_line' id='line_1_21' title="bbox 119 2144 1832 2218; baseline -0.002 -10"><span class='ocrx_word' id='word_1_261' title='bbox 119 2153 153 2208; x_wconf 91' lang='lat' dir='ltr'>ut</span> <span class='ocrx_word' id='word_1_262' title='bbox 167 2149 246 2205; x_wconf 87' lang='lat' dir='ltr'>illius</span> <span class='ocrx_word' id='word_1_263' title='bbox 269 2149 433 2206; x_wconf 88' lang='lat' dir='ltr'>doctrinam</span> <span class='ocrx_word' id='word_1_264' title='bbox 460 2146 653 2203; x_wconf 84' lang='lat' dir='ltr'>orthodoxam</span> <span class='ocrx_word' id='word_1_265' title='bbox 678 2148 766 2216; x_wconf 88' lang='lat' dir='ltr'>atque</span> <span class='ocrx_word' id='word_1_266' title='bbox 790 2144 947 2199; x_wconf 88' lang='lat' dir='ltr'>utillimam</span> <span class='ocrx_word' id='word_1_267' title='bbox 1002 2163 1074 2218; x_wconf 88' lang='lat' dir='ltr'>sque</span> <span class='ocrx_word' id='word_1_268' title='bbox 1085 2164 1102 2200; x_wconf 90' lang='lat' dir='ltr'>n</span> <span class='ocrx_word' id='word_1_269' title='bbox 1113 2146 1220 2201; x_wconf 88' lang='lat' dir='ltr'>domno</span> <span class='ocrx_word' id='word_1_270' title='bbox 1231 2148 1328 2202; x_wconf 78' lang='lat' dir='ltr'>utone</span> <span class='ocrx_word' id='word_1_271' title='bbox 1340 2146 1482 2203; x_wconf 90' lang='lat' dir='ltr'>avunculo</span> <span class='ocrx_word' id='word_1_272' title='bbox 1494 2163 1557 2215; x_wconf 89' lang='lat' dir='ltr'>suo,</span> <span class='ocrx_word' id='word_1_273' title='bbox 1567 2151 1639 2203; x_wconf 90' lang='lat' dir='ltr'>tuac</span> <span class='ocrx_word' id='word_1_274' title='bbox 1649 2147 1832 2204; x_wconf 86' lang='lat' dir='ltr'>Rhemorum</span> 
     </span>
     <span class='ocr_line' id='line_1_22' title="bbox 120 2233 1834 2312; baseline -0.004 -15"><span class='ocrx_word' id='word_1_275' title='bbox 120 2241 158 2297; x_wconf 93' lang='lat' dir='ltr'>oh</span> <span class='ocrx_word' id='word_1_276' title='bbox 172 2254 303 2312; x_wconf 75' lang='lat' dir='ltr'>persona</span> <span class='ocrx_word' id='word_1_277' title='bbox 314 2237 396 2294; x_wconf 88' lang='lat' dir='ltr'>illius</span> <span class='ocrx_word' id='word_1_278' title='bbox 406 2234 547 2292; x_wconf 91' lang='lat' dir='ltr'>invidiam</span> <span class='ocrx_word' id='word_1_279' title='bbox 557 2234 703 2290; x_wconf 80' lang='lat' dir='ltr'>vilifacere</span> <span class='ocrx_word' id='word_1_280' title='bbox 714 2233 949 2305; x_wconf 79' lang='lat' dir='ltr'>prevalerent,et</span> <span class='ocrx_word' id='word_1_281' title='bbox 1002 2234 1229 2307; x_wconf 86' lang='lat' dir='ltr'>archiepiscopo,</span> <span class='ocrx_word' id='word_1_282' title='bbox 1240 2234 1350 2290; x_wconf 82' lang='lat' dir='ltr'>ibidem</span> <span class='ocrx_word' id='word_1_283' title='bbox 1362 2235 1504 2291; x_wconf 90' lang='lat' dir='ltr'>diaconus</span> <span class='ocrx_word' id='word_1_284' title='bbox 1520 2240 1720 2303; x_wconf 78' lang='lat' dir='ltr'>consecratae,</span> <span class='ocrx_word' id='word_1_285' title='bbox 1734 2240 1763 2293; x_wconf 89' lang='lat' dir='ltr'>et</span> <span class='ocrx_word' id='word_1_286' title='bbox 1778 2237 1834 2292; x_wconf 91' lang='lat' dir='ltr'>ab·</span> 
     </span>
     <span class='ocr_line' id='line_1_23' title="bbox 117 2322 1833 2395; baseline -0.003 -10"><span class='ocrx_word' id='word_1_287' title='bbox 117 2327 242 2386; x_wconf 86' lang='lat' dir='ltr'>lectores</span> <span class='ocrx_word' id='word_1_288' title='bbox 256 2328 376 2383; x_wconf 89' lang='lat' dir='ltr'>devotos</span> <span class='ocrx_word' id='word_1_289' title='bbox 398 2326 434 2381; x_wconf 92' lang='lat' dir='ltr'>ab</span> <span class='ocrx_word' id='word_1_290' title='bbox 451 2324 531 2380; x_wconf 90' lang='lat' dir='ltr'>illius</span> <span class='ocrx_word' id='word_1_291' title='bbox 557 2323 714 2378; x_wconf 81' lang='lat' dir='ltr'>dilectione</span> <span class='ocrx_word' id='word_1_292' title='bbox 730 2322 902 2378; x_wconf 88' lang='lat' dir='ltr'>aelectione</span> <span class='ocrx_word' id='word_1_293' title='bbox 918 2326 947 2377; x_wconf 90' lang='lat' dir='ltr'>ct</span> <span class='ocrx_word' id='word_1_294' title='bbox 1001 2323 1054 2378; x_wconf 84' lang='lat' dir='ltr'>bas</span> <span class='ocrx_word' id='word_1_295' title='bbox 1069 2323 1280 2378; x_wconf 89' lang='lat' dir='ltr'>monachorum</span> <span class='ocrx_word' id='word_1_296' title='bbox 1294 2323 1330 2378; x_wconf 88' lang='lat' dir='ltr'>ad</span> <span class='ocrx_word' id='word_1_297' title='bbox 1347 2323 1510 2395; x_wconf 83' lang='lat' dir='ltr'>regularem</span> <span class='ocrx_word' id='word_1_298' title='bbox 1522 2324 1655 2380; x_wconf 89' lang='lat' dir='ltr'>ordinem</span> <span class='ocrx_word' id='word_1_299' title='bbox 1669 2325 1833 2380; x_wconf 87' lang='lat' dir='ltr'>tenendum</span> 
     </span>
     <span class='ocr_line' id='line_1_24' title="bbox 118 2409 1833 2485; baseline -0.003 -12"><span class='ocrx_word' id='word_1_300' title='bbox 118 2414 284 2473; x_wconf 84' lang='lat' dir='ltr'>neccssaria</span> <span class='ocrx_word' id='word_1_301' title='bbox 311 2413 484 2470; x_wconf 88' lang='lat' dir='ltr'>credulitate</span> <span class='ocrx_word' id='word_1_302' title='bbox 514 2415 687 2468; x_wconf 87' lang='lat' dir='ltr'>averterent.</span> <span class='ocrx_word' id='word_1_303' title='bbox 717 2414 784 2476; x_wconf 75' lang='lat' dir='ltr'>Qua</span> <span class='ocrx_word' id='word_1_304' title='bbox 812 2409 947 2466; x_wconf 85' lang='lat' dir='ltr'>videlieet</span> <span class='ocrx_word' id='word_1_305' title='bbox 1001 2411 1833 2485; x_wconf 83' lang='lat' dir='ltr'>etgubornandumconstitutioneepiscopaliestordina·</span> 
     </span>
     <span class='ocr_line' id='line_1_25' title="bbox 119 2499 1831 2573; baseline -0.002 -13"><span class='ocrx_word' id='word_1_306' title='bbox 119 2504 292 2561; x_wconf 80' lang='lat' dir='ltr'>aemulorum</span> <span class='ocrx_word' id='word_1_307' title='bbox 309 2500 471 2568; x_wconf 90' lang='lat' dir='ltr'>mendacia,</span> <span class='ocrx_word' id='word_1_308' title='bbox 488 2518 523 2557; x_wconf 79' lang='lat' dir='ltr'>ex</span> <span class='ocrx_word' id='word_1_309' title='bbox 542 2499 723 2573; x_wconf 86' lang='lat' dir='ltr'>delegatione</span> <span class='ocrx_word' id='word_1_310' title='bbox 745 2503 851 2555; x_wconf 74' lang='lat' dir='ltr'>saneta</span> <span class='ocrx_word' id='word_1_311' title='bbox 867 2500 946 2555; x_wconf 87' lang='lat' dir='ltr'>sedis</span> <span class='ocrx_word' id='word_1_312' title='bbox 1000 2504 1216 2572; x_wconf 79' lang='lat' dir='ltr'>tusouemque</span> <span class='ocrx_word' id='word_1_313' title='bbox 1227 2499 1565 2556; x_wconf 88' lang='lat' dir='ltr'>itahnmilitatistenore</span> <span class='ocrx_word' id='word_1_314' title='bbox 1576 2501 1831 2568; x_wconf 89' lang='lat' dir='ltr'>nutritum,ethu-</span> 
     </span>
     <span class='ocr_line' id='line_1_26' title="bbox 120 2588 1829 2665; baseline -0.002 -16"><span class='ocrx_word' id='word_1_315' title='bbox 120 2593 259 2650; x_wconf 81' lang='lat' dir='ltr'>Romane</span> <span class='ocrx_word' id='word_1_316' title='bbox 280 2607 332 2665; x_wconf 89' lang='lat' dir='ltr'>per</span> <span class='ocrx_word' id='word_1_317' title='bbox 346 2590 536 2647; x_wconf 68' lang='lat' dir='ltr'>Caelestinum</span> <span class='ocrx_word' id='word_1_318' title='bbox 551 2606 669 2661; x_wconf 86' lang='lat' dir='ltr'>papam,</span> <span class='ocrx_word' id='word_1_319' title='bbox 682 2592 801 2644; x_wconf 88' lang='lat' dir='ltr'>sanctus</span> <span class='ocrx_word' id='word_1_320' title='bbox 824 2588 947 2660; x_wconf 89' lang='lat' dir='ltr'>Prosper</span> <span class='ocrx_word' id='word_1_321' title='bbox 1000 2589 1134 2646; x_wconf 88' lang='lat' dir='ltr'>militatis</span> <span class='ocrx_word' id='word_1_322' title='bbox 1152 2589 1249 2645; x_wconf 89' lang='lat' dir='ltr'>locum</span> <span class='ocrx_word' id='word_1_323' title='bbox 1266 2594 1400 2661; x_wconf 88' lang='lat' dir='ltr'>appetere</span> <span class='ocrx_word' id='word_1_324' title='bbox 1413 2595 1442 2645; x_wconf 91' lang='lat' dir='ltr'>et</span> <span class='ocrx_word' id='word_1_325' title='bbox 1462 2590 1644 2646; x_wconf 86' lang='lat' dir='ltr'>teuerevelle</span> <span class='ocrx_word' id='word_1_326' title='bbox 1658 2590 1829 2655; x_wconf 87' lang='lat' dir='ltr'>didicimus,</span> 
     </span>
     <span class='ocr_line' id='line_1_27' title="bbox 119 2677 1831 2752; baseline -0.002 -14"><span class='ocrx_word' id='word_1_327' title='bbox 119 2680 264 2738; x_wconf 86' lang='lat' dir='ltr'>catholico</span> <span class='ocrx_word' id='word_1_328' title='bbox 274 2684 303 2736; x_wconf 92' lang='lat' dir='ltr'>et</span> <span class='ocrx_word' id='word_1_329' title='bbox 312 2678 449 2752; x_wconf 91' lang='lat' dir='ltr'>prudenti</span> <span class='ocrx_word' id='word_1_330' title='bbox 463 2677 538 2751; x_wconf 76' lang='lat' dir='ltr'>stylo</span> <span class='ocrx_word' id='word_1_331' title='bbox 549 2677 623 2733; x_wconf 80' lang='lat' dir='ltr'>salsa</span> <span class='ocrx_word' id='word_1_332' title='bbox 633 2694 697 2732; x_wconf 86' lang='lat' dir='ltr'>esse</span> <span class='ocrx_word' id='word_1_333' title='bbox 707 2681 735 2733; x_wconf 87' lang='lat' dir='ltr'>et</span> <span class='ocrx_word' id='word_1_334' title='bbox 746 2677 946 2747; x_wconf 87' lang='lat' dir='ltr'>imprudenter</span> <span class='ocrx_word' id='word_1_335' title='bbox 1000 2683 1033 2734; x_wconf 94' lang='lat' dir='ltr'>ut</span> <span class='ocrx_word' id='word_1_336' title='bbox 1042 2679 1082 2734; x_wconf 91' lang='lat' dir='ltr'>illi</span> <span class='ocrx_word' id='word_1_337' title='bbox 1095 2684 1123 2734; x_wconf 90' lang='lat' dir='ltr'>ct</span> <span class='ocrx_word' id='word_1_338' title='bbox 1132 2679 1270 2734; x_wconf 88' lang='lat' dir='ltr'>omnibns</span> <span class='ocrx_word' id='word_1_339' title='bbox 1281 2677 1423 2749; x_wconf 88' lang='lat' dir='ltr'>seriptum</span> <span class='ocrx_word' id='word_1_340' title='bbox 1436 2684 1480 2735; x_wconf 88' lang='lat' dir='ltr'>est</span> <span class='ocrx_word' id='word_1_341' title='bbox 1490 2697 1496 2735; x_wconf 91' lang='lat'>:</span> <span class='ocrx_word' id='word_1_342' title='bbox 1508 2679 1539 2735; x_wconf 87' lang='lat' dir='ltr'>Si</span> <span class='ocrx_word' id='word_1_343' title='bbox 1549 2680 1663 2750; x_wconf 81' lang='lat' dir='ltr'>spiritus</span> <span class='ocrx_word' id='word_1_344' title='bbox 1671 2687 1831 2752; x_wconf 83' lang='lat' dir='ltr'>potestatem</span> 
     </span>
     <span class='ocr_line' id='line_1_28' title="bbox 115 2764 1832 2842; baseline -0.001 -15"><span class='ocrx_word' id='word_1_345' title='bbox 115 2771 232 2842; x_wconf 82' lang='lat' dir='ltr'>objecta</span> <span class='ocrx_word' id='word_1_346' title='bbox 247 2767 422 2837; x_wconf 87' lang='lat' dir='ltr'>ostendit,et</span> <span class='ocrx_word' id='word_1_347' title='bbox 431 2766 584 2823; x_wconf 89' lang='lat' dir='ltr'>memorati</span> <span class='ocrx_word' id='word_1_348' title='bbox 600 2783 634 2822; x_wconf 90' lang='lat' dir='ltr'>ac</span> <span class='ocrx_word' id='word_1_349' title='bbox 646 2765 828 2821; x_wconf 88' lang='lat' dir='ltr'>memorandi</span> <span class='ocrx_word' id='word_1_350' title='bbox 837 2764 889 2820; x_wconf 92' lang='lat' dir='ltr'>viri</span> <span class='ocrx_word' id='word_1_351' title='bbox 898 2766 946 2820; x_wconf 79' lang='lat' dir='ltr'>‹lo-</span> <span class='ocrx_word' id='word_1_352' title='bbox 1000 2768 1123 2824; x_wconf 77' lang='lat' dir='ltr'>habentis</span> <span class='ocrx_word' id='word_1_353' title='bbox 1136 2767 1291 2823; x_wconf 82' lang='lat' dir='ltr'>escenderit</span> <span class='ocrx_word' id='word_1_354' title='bbox 1301 2783 1385 2838; x_wconf 85' lang='lat' dir='ltr'>super</span> <span class='ocrx_word' id='word_1_355' title='bbox 1399 2776 1432 2833; x_wconf 90' lang='lat' dir='ltr'>te,</span> <span class='ocrx_word' id='word_1_356' title='bbox 1448 2768 1537 2824; x_wconf 87' lang='lat' dir='ltr'>tecum</span> <span class='ocrx_word' id='word_1_357' title='bbox 1551 2776 1629 2823; x_wconf 88' lang='lat' dir='ltr'>tuum</span> <span class='ocrx_word' id='word_1_358' title='bbox 1642 2785 1677 2825; x_wconf 85' lang='lat' dir='ltr'>ne</span> <span class='ocrx_word' id='word_1_359' title='bbox 1689 2769 1832 2826; x_wconf 66' lang='lat' dir='ltr'>(timueris</span> 
     </span>
     <span class='ocr_line' id='line_1_29' title="bbox 116 2854 1831 2929; baseline -0.001 -12"><span class='ocrx_word' id='word_1_360' title='bbox 116 2858 243 2917; x_wconf 79' lang='lat' dir='ltr'>utrinam</span> <span class='ocrx_word' id='word_1_361' title='bbox 254 2857 447 2914; x_wconf 89' lang='lat' dir='ltr'>orthodoxam</span> <span class='ocrx_word' id='word_1_362' title='bbox 458 2854 943 2912; x_wconf 85' lang='lat' dir='ltr'>osselucidissimedomonstravit.</span> <span class='ocrx_word' id='word_1_363' title='bbox 1000 2858 1102 2927; x_wconf 76' lang='lat' dir='ltr'>(Errte.</span> <span class='ocrx_word' id='word_1_364' title='bbox 1118 2875 1146 2927; x_wconf 90' lang='lat' dir='ltr'>x,</span> <span class='ocrx_word' id='word_1_365' title='bbox 1164 2858 1202 2925; x_wconf 81' lang='lat'>4).</span> <span class='ocrx_word' id='word_1_366' title='bbox 1221 2856 1349 2929; x_wconf 87' lang='lat' dir='ltr'>Spiritus</span> <span class='ocrx_word' id='word_1_367' title='bbox 1379 2856 1459 2912; x_wconf 91' lang='lat' dir='ltr'>enim</span> <span class='ocrx_word' id='word_1_368' title='bbox 1488 2861 1662 2928; x_wconf 89' lang='lat' dir='ltr'>potestatem</span> <span class='ocrx_word' id='word_1_369' title='bbox 1692 2857 1831 2915; x_wconf 90' lang='lat' dir='ltr'>habentis</span> 
     </span>
     <span class='ocr_line' id='line_1_30' title="bbox 115 2943 1832 3019; baseline -0.002 -14"><span class='ocrx_word' id='word_1_370' title='bbox 115 2946 201 3006; x_wconf 86' lang='lat' dir='ltr'>Unde</span> <span class='ocrx_word' id='word_1_371' title='bbox 217 2951 246 3004; x_wconf 89' lang='lat' dir='ltr'>et</span> <span class='ocrx_word' id='word_1_372' title='bbox 261 2946 323 3004; x_wconf 88' lang='lat' dir='ltr'>lieri</span> <span class='ocrx_word' id='word_1_373' title='bbox 340 2950 491 3019; x_wconf 68' lang='lat' dir='ltr'>potestat</span> <span class='ocrx_word' id='word_1_374' title='bbox 509 2944 567 3000; x_wconf 88' lang='lat' dir='ltr'>ista</span> <span class='ocrx_word' id='word_1_375' title='bbox 585 2943 722 3016; x_wconf 87' lang='lat' dir='ltr'>capitula,</span> <span class='ocrx_word' id='word_1_376' title='bbox 735 2961 799 3015; x_wconf 69' lang='lat' dir='ltr'>quae</span> <span class='ocrx_word' id='word_1_377' title='bbox 815 2943 896 2998; x_wconf 88' lang='lat' dir='ltr'>vobis</span> <span class='ocrx_word' id='word_1_378' title='bbox 911 2961 945 2998; x_wconf 80' lang='lat' dir='ltr'>ex</span> <span class='ocrx_word' id='word_1_379' title='bbox 1000 2945 1122 3018; x_wconf 88' lang='lat' dir='ltr'>spiritus</span> <span class='ocrx_word' id='word_1_380' title='bbox 1135 2950 1179 3000; x_wconf 90' lang='lat' dir='ltr'>cst</span> <span class='ocrx_word' id='word_1_381' title='bbox 1194 2944 1336 3017; x_wconf 80' lang='lat' dir='ltr'>superbia</span> <span class='ocrx_word' id='word_1_382' title='bbox 1353 2943 1434 3000; x_wconf 90' lang='lat' dir='ltr'>locus</span> <span class='ocrx_word' id='word_1_383' title='bbox 1446 2949 1545 3000; x_wconf 81' lang='lat' dir='ltr'>autem</span> <span class='ocrx_word' id='word_1_384' title='bbox 1562 2950 1662 3001; x_wconf 90' lang='lat' dir='ltr'>noster</span> <span class='ocrx_word' id='word_1_385' title='bbox 1676 2952 1720 3001; x_wconf 90' lang='lat' dir='ltr'>est</span> <span class='ocrx_word' id='word_1_386' title='bbox 1735 2946 1832 3002; x_wconf 82' lang='lat' dir='ltr'>hirmi-</span> 
     </span>
     <span class='ocr_line' id='line_1_31' title="bbox 116 3031 1832 3105; baseline -0.003 -10"><span class='ocrx_word' id='word_1_387' title='bbox 116 3037 428 3095; x_wconf 84' lang='lat' dir='ltr'>nomineconlratrum</span> <span class='ocrx_word' id='word_1_388' title='bbox 440 3039 607 3092; x_wconf 90' lang='lat' dir='ltr'>nostrorum</span> <span class='ocrx_word' id='word_1_389' title='bbox 619 3034 655 3088; x_wconf 91' lang='lat' dir='ltr'>ab</span> <span class='ocrx_word' id='word_1_390' title='bbox 668 3033 828 3105; x_wconf 86' lang='lat' dir='ltr'>aliisquam</span> <span class='ocrx_word' id='word_1_391' title='bbox 840 3032 945 3088; x_wconf 90' lang='lat' dir='ltr'>abillis</span> <span class='ocrx_word' id='word_1_392' title='bbox 1000 3034 1077 3101; x_wconf 89' lang='lat' dir='ltr'>litas,</span> <span class='ocrx_word' id='word_1_393' title='bbox 1089 3051 1177 3105; x_wconf 90' lang='lat' dir='ltr'>quam</span> <span class='ocrx_word' id='word_1_394' title='bbox 1195 3052 1212 3088; x_wconf 90' lang='lat' dir='ltr'>a</span> <span class='ocrx_word' id='word_1_395' title='bbox 1227 3050 1338 3089; x_wconf 87' lang='lat' dir='ltr'>severe</span> <span class='ocrx_word' id='word_1_396' title='bbox 1354 3031 1435 3088; x_wconf 88' lang='lat' dir='ltr'>loeus</span> <span class='ocrx_word' id='word_1_397' title='bbox 1452 3032 1585 3089; x_wconf 88' lang='lat' dir='ltr'>munitus</span> <span class='ocrx_word' id='word_1_398' title='bbox 1600 3039 1629 3089; x_wconf 92' lang='lat' dir='ltr'>ot</span> <span class='ocrx_word' id='word_1_399' title='bbox 1644 3034 1735 3091; x_wconf 92' lang='lat' dir='ltr'>turris</span> <span class='ocrx_word' id='word_1_400' title='bbox 1751 3035 1832 3090; x_wconf 87' lang='lat' dir='ltr'>lorti·</span> 
     </span>
     <span class='ocr_line' id='line_1_32' title="bbox 115 3120 1828 3195; baseline -0.002 -12"><span class='ocrx_word' id='word_1_401' title='bbox 115 3125 212 3184; x_wconf 86' lang='lat' dir='ltr'>delata</span> <span class='ocrx_word' id='word_1_402' title='bbox 226 3124 270 3182; x_wconf 90' lang='lat' dir='ltr'>vel</span> <span class='ocrx_word' id='word_1_403' title='bbox 284 3125 462 3181; x_wconf 88' lang='lat' dir='ltr'>transmissa</span> <span class='ocrx_word' id='word_1_404' title='bbox 482 3128 562 3189; x_wconf 89' lang='lat' dir='ltr'>sunt,</span> <span class='ocrx_word' id='word_1_405' title='bbox 577 3122 675 3177; x_wconf 87' lang='lat' dir='ltr'>taliter</span> <span class='ocrx_word' id='word_1_406' title='bbox 695 3121 724 3176; x_wconf 92' lang='lat' dir='ltr'>in</span> <span class='ocrx_word' id='word_1_407' title='bbox 749 3120 944 3192; x_wconf 85' lang='lat' dir='ltr'>suggilatione</span> <span class='ocrx_word' id='word_1_408' title='bbox 999 3122 1112 3177; x_wconf 86' lang='lat' dir='ltr'>tudinis</span> <span class='ocrx_word' id='word_1_409' title='bbox 1129 3139 1182 3176; x_wconf 88' lang='lat' dir='ltr'>nos</span> <span class='ocrx_word' id='word_1_410' title='bbox 1207 3121 1319 3176; x_wconf 84' lang='lat' dir='ltr'>discere</span> <span class='ocrx_word' id='word_1_411' title='bbox 1339 3120 1425 3191; x_wconf 87' lang='lat' dir='ltr'>jubet</span> <span class='ocrx_word' id='word_1_412' title='bbox 1442 3137 1448 3174; x_wconf 76' lang='grc' dir='ltr'>ι</span> <span class='ocrx_word' id='word_1_413' title='bbox 1465 3121 1565 3176; x_wconf 80' lang='lat' dir='ltr'>discite</span> <span class='ocrx_word' id='word_1_414' title='bbox 1579 3138 1595 3175; x_wconf 86' lang='lat' dir='ltr'>a</span> <span class='ocrx_word' id='word_1_415' title='bbox 1610 3137 1662 3188; x_wconf 79' lang='lat' dir='ltr'>ure,</span> <span class='ocrx_word' id='word_1_416' title='bbox 1679 3121 1828 3195; x_wconf 65' lang='lat' dir='ltr'>inquiens</span> 
     </span>
     <span class='ocr_line' id='line_1_33' title="bbox 115 3193 1830 3284; baseline -0.003 -14"><span class='ocrx_word' id='word_1_417' title='bbox 115 3217 217 3271; x_wconf 89' lang='lat' dir='ltr'>nostra</span> <span class='ocrx_word' id='word_1_418' title='bbox 231 3211 398 3284; x_wconf 87' lang='lat' dir='ltr'>conscripta</span> <span class='ocrx_word' id='word_1_419' title='bbox 411 3228 469 3266; x_wconf 92' lang='lat' dir='ltr'>non</span> <span class='ocrx_word' id='word_1_420' title='bbox 495 3209 612 3277; x_wconf 82' lang='lat' dir='ltr'>suerint,</span> <span class='ocrx_word' id='word_1_421' title='bbox 630 3210 680 3264; x_wconf 86' lang='lat' dir='ltr'>sed</span> <span class='ocrx_word' id='word_1_422' title='bbox 705 3209 864 3280; x_wconf 86' lang='lat' dir='ltr'>instigante</span> <span class='ocrx_word' id='word_1_423' title='bbox 879 3209 942 3263; x_wconf 91' lang='lat' dir='ltr'>dia·</span> <span class='ocrx_word' id='word_1_424' title='bbox 959 3193 980 3257; x_wconf 81' lang='lat' dir='ltr'>C</span> <span class='ocrx_word' id='word_1_425' title='bbox 1000 3212 1066 3282; x_wconf 86' lang='lat' dir='ltr'>quie</span> <span class='ocrx_word' id='word_1_426' title='bbox 1093 3211 1169 3264; x_wconf 80' lang='lat' dir='ltr'>mitis</span> <span class='ocrx_word' id='word_1_427' title='bbox 1196 3225 1258 3264; x_wconf 79' lang='lat' dir='ltr'>sum</span> <span class='ocrx_word' id='word_1_428' title='bbox 1287 3216 1312 3264; x_wconf 91' lang='lat' dir='ltr'>et</span> <span class='ocrx_word' id='word_1_429' title='bbox 1335 3209 1449 3264; x_wconf 79' lang='lat' dir='ltr'>humitis</span> <span class='ocrx_word' id='word_1_430' title='bbox 1479 3209 1560 3265; x_wconf 83' lang='lat' dir='ltr'>eorde</span> <span class='ocrx_word' id='word_1_431' title='bbox 1585 3210 1688 3278; x_wconf 79' lang='lat' dir='ltr'>(diutili.</span> <span class='ocrx_word' id='word_1_432' title='bbox 1706 3229 1745 3276; x_wconf 86' lang='lat' dir='ltr'>xi,</span> <span class='ocrx_word' id='word_1_433' title='bbox 1769 3213 1830 3282; x_wconf 79' lang='lat'>19);</span> 
     </span>
     <span class='ocr_line' id='line_1_34' title="bbox 114 3295 1830 3370; baseline -0.001 -14"><span class='ocrx_word' id='word_1_434' title='bbox 114 3299 192 3367; x_wconf 89' lang='lat' dir='ltr'>bolo,</span> <span class='ocrx_word' id='word_1_435' title='bbox 203 3298 281 3354; x_wconf 88' lang='lat' dir='ltr'>inter</span> <span class='ocrx_word' id='word_1_436' title='bbox 305 3303 409 3354; x_wconf 74' lang='lat' dir='ltr'>cetera</span> <span class='ocrx_word' id='word_1_437' title='bbox 425 3296 503 3352; x_wconf 89' lang='lat' dir='ltr'>mala</span> <span class='ocrx_word' id='word_1_438' title='bbox 518 3314 581 3368; x_wconf 77' lang='lat' dir='ltr'>que</span> <span class='ocrx_word' id='word_1_439' title='bbox 597 3313 676 3351; x_wconf 93' lang='lat' dir='ltr'>nunc</span> <span class='ocrx_word' id='word_1_440' title='bbox 699 3296 728 3350; x_wconf 91' lang='lat' dir='ltr'>in</span> <span class='ocrx_word' id='word_1_441' title='bbox 752 3295 807 3351; x_wconf 91' lang='lat' dir='ltr'>hoc</span> <span class='ocrx_word' id='word_1_442' title='bbox 832 3297 942 3351; x_wconf 92' lang='lat' dir='ltr'>mundo</span> <span class='ocrx_word' id='word_1_443' title='bbox 996 3313 1146 3369; x_wconf 90' lang='lat' dir='ltr'>quamque</span> <span class='ocrx_word' id='word_1_444' title='bbox 1159 3314 1212 3369; x_wconf 93' lang='lat' dir='ltr'>pro</span> <span class='ocrx_word' id='word_1_445' title='bbox 1225 3295 1287 3353; x_wconf 92' lang='lat' dir='ltr'>loco</span> <span class='ocrx_word' id='word_1_446' title='bbox 1299 3301 1361 3353; x_wconf 90' lang='lat' dir='ltr'>tuto</span> <span class='ocrx_word' id='word_1_447' title='bbox 1371 3303 1474 3353; x_wconf 88' lang='lat' dir='ltr'>eontra</span> <span class='ocrx_word' id='word_1_448' title='bbox 1485 3296 1621 3354; x_wconf 89' lang='lat' dir='ltr'>elationis</span> <span class='ocrx_word' id='word_1_449' title='bbox 1632 3316 1665 3355; x_wconf 91' lang='lat' dir='ltr'>ac</span> <span class='ocrx_word' id='word_1_450' title='bbox 1677 3301 1830 3370; x_wconf 73' lang='lat' dir='ltr'>jactantie</span> 
     </span>
     <span class='ocr_line' id='line_1_35' title="bbox 114 3381 1831 3459; baseline -0.001 -14"><span class='ocrx_word' id='word_1_451' title='bbox 114 3387 316 3453; x_wconf 87' lang='lat' dir='ltr'>crebrescunt,</span> <span class='ocrx_word' id='word_1_452' title='bbox 333 3386 369 3442; x_wconf 88' lang='lat' dir='ltr'>ad</span> <span class='ocrx_word' id='word_1_453' title='bbox 384 3385 604 3440; x_wconf 89' lang='lat' dir='ltr'>immittendam</span> <span class='ocrx_word' id='word_1_454' title='bbox 623 3381 699 3440; x_wconf 78' lang='lat' dir='ltr'>inter</span> <span class='ocrx_word' id='word_1_455' title='bbox 715 3385 829 3439; x_wconf 87' lang='lat' dir='ltr'>Domini</span> <span class='ocrx_word' id='word_1_456' title='bbox 846 3401 941 3440; x_wconf 87' lang='lat' dir='ltr'>sacar·</span> <span class='ocrx_word' id='word_1_457' title='bbox 997 3385 1145 3457; x_wconf 90' lang='lat' dir='ltr'>spiritum,</span> <span class='ocrx_word' id='word_1_458' title='bbox 1156 3386 1309 3457; x_wconf 79' lang='lat' dir='ltr'>prolatum</span> <span class='ocrx_word' id='word_1_459' title='bbox 1321 3385 1491 3459; x_wconf 88' lang='lat' dir='ltr'>religiosum</span> <span class='ocrx_word' id='word_1_460' title='bbox 1502 3385 1596 3442; x_wconf 90' lang='lat' dir='ltr'>virum</span> <span class='ocrx_word' id='word_1_461' title='bbox 1610 3388 1714 3443; x_wconf 84' lang='lat' dir='ltr'>obnixe</span> <span class='ocrx_word' id='word_1_462' title='bbox 1730 3394 1831 3445; x_wconf 88' lang='lat' dir='ltr'>tenere</span> 
     </span>
     <span class='ocr_line' id='line_1_36' title="bbox 113 3472 1828 3547; baseline 0 -14"><span class='ocrx_word' id='word_1_463' title='bbox 113 3475 198 3533; x_wconf 86' lang='lat' dir='ltr'>dotes</span> <span class='ocrx_word' id='word_1_464' title='bbox 208 3474 385 3530; x_wconf 87' lang='lat' dir='ltr'>discordiam</span> <span class='ocrx_word' id='word_1_465' title='bbox 398 3473 458 3530; x_wconf 87' lang='lat' dir='ltr'>sint</span> <span class='ocrx_word' id='word_1_466' title='bbox 469 3474 609 3540; x_wconf 85' lang='lat' dir='ltr'>conlecta,</span> <span class='ocrx_word' id='word_1_467' title='bbox 619 3472 848 3545; x_wconf 90' lang='lat' dir='ltr'>quicharitatem</span> <span class='ocrx_word' id='word_1_468' title='bbox 861 3475 942 3529; x_wconf 86' lang='lat' dir='ltr'>vehe-</span> <span class='ocrx_word' id='word_1_469' title='bbox 996 3473 1069 3530; x_wconf 90' lang='lat' dir='ltr'>velle</span> <span class='ocrx_word' id='word_1_470' title='bbox 1084 3473 1264 3541; x_wconf 80' lang='lat' dir='ltr'>aurlivimus,</span> <span class='ocrx_word' id='word_1_471' title='bbox 1276 3479 1305 3529; x_wconf 91' lang='lat' dir='ltr'>et</span> <span class='ocrx_word' id='word_1_472' title='bbox 1320 3493 1371 3547; x_wconf 91' lang='lat' dir='ltr'>pro</span> <span class='ocrx_word' id='word_1_473' title='bbox 1396 3479 1474 3531; x_wconf 87' lang='lat' dir='ltr'>certo</span> <span class='ocrx_word' id='word_1_474' title='bbox 1502 3475 1661 3544; x_wconf 88' lang='lat' dir='ltr'>credimus,</span> <span class='ocrx_word' id='word_1_475' title='bbox 1675 3476 1828 3533; x_wconf 86' lang='lat' dir='ltr'>etidcirco</span> 
     </span>
     <span class='ocr_line' id='line_1_37' title="bbox 114 3559 1829 3639; baseline -0.001 -18"><span class='ocrx_word' id='word_1_476' title='bbox 114 3567 229 3621; x_wconf 87' lang='lat' dir='ltr'>menter</span> <span class='ocrx_word' id='word_1_477' title='bbox 241 3561 272 3617; x_wconf 89' lang='lat' dir='ltr'>in</span> <span class='ocrx_word' id='word_1_478' title='bbox 289 3562 375 3619; x_wconf 90' lang='lat' dir='ltr'>nobis</span> <span class='ocrx_word' id='word_1_479' title='bbox 385 3565 415 3618; x_wconf 88' lang='lat' dir='ltr'>et</span> <span class='ocrx_word' id='word_1_480' title='bbox 429 3560 513 3616; x_wconf 90' lang='lat' dir='ltr'>timet</span> <span class='ocrx_word' id='word_1_481' title='bbox 524 3559 684 3629; x_wconf 82' lang='lat' dir='ltr'>etinvidet,</span> <span class='ocrx_word' id='word_1_482' title='bbox 696 3577 762 3616; x_wconf 90' lang='lat' dir='ltr'>cum</span> <span class='ocrx_word' id='word_1_483' title='bbox 773 3560 851 3617; x_wconf 88' lang='lat' dir='ltr'>videt</span> <span class='ocrx_word' id='word_1_484' title='bbox 862 3562 941 3617; x_wconf 92' lang='lat' dir='ltr'>illam</span> <span class='ocrx_word' id='word_1_485' title='bbox 997 3563 1192 3619; x_wconf 87' lang='lat' dir='ltr'>discredimus</span> <span class='ocrx_word' id='word_1_486' title='bbox 1209 3563 1265 3618; x_wconf 93' lang='lat' dir='ltr'>ista</span> <span class='ocrx_word' id='word_1_487' title='bbox 1282 3563 1411 3636; x_wconf 87' lang='lat' dir='ltr'>capitula</span> <span class='ocrx_word' id='word_1_488' title='bbox 1420 3564 1456 3619; x_wconf 92' lang='lat' dir='ltr'>ab</span> <span class='ocrx_word' id='word_1_489' title='bbox 1468 3581 1501 3619; x_wconf 90' lang='lat' dir='ltr'>eo</span> <span class='ocrx_word' id='word_1_490' title='bbox 1511 3565 1642 3621; x_wconf 83' lang='lat' dir='ltr'>confecta</span> <span class='ocrx_word' id='word_1_491' title='bbox 1654 3581 1661 3620; x_wconf 93' lang='lat'>:</span> <span class='ocrx_word' id='word_1_492' title='bbox 1674 3565 1743 3637; x_wconf 91' lang='lat' dir='ltr'>quia</span> <span class='ocrx_word' id='word_1_493' title='bbox 1757 3584 1829 3639; x_wconf 74' lang='lat' dir='ltr'>pre·</span> 
     </span>
     <span class='ocr_line' id='line_1_38' title="bbox 115 3648 1828 3723; baseline 0.001 -14"><span class='ocrx_word' id='word_1_494' title='bbox 115 3650 232 3709; x_wconf 80' lang='lat' dir='ltr'>anobis</span> <span class='ocrx_word' id='word_1_495' title='bbox 247 3649 355 3709; x_wconf 86' lang='lat' dir='ltr'>servari</span> <span class='ocrx_word' id='word_1_496' title='bbox 370 3648 540 3706; x_wconf 87' lang='lat' dir='ltr'>hominibus</span> <span class='ocrx_word' id='word_1_497' title='bbox 555 3649 680 3705; x_wconf 88' lang='lat' dir='ltr'>terrenis</span> <span class='ocrx_word' id='word_1_498' title='bbox 701 3648 731 3703; x_wconf 93' lang='lat' dir='ltr'>in</span> <span class='ocrx_word' id='word_1_499' title='bbox 754 3653 841 3720; x_wconf 89' lang='lat' dir='ltr'>terra,</span> <span class='ocrx_word' id='word_1_500' title='bbox 853 3668 941 3722; x_wconf 91' lang='lat' dir='ltr'>qaam</span> <span class='ocrx_word' id='word_1_501' title='bbox 996 3651 1142 3708; x_wconf 88' lang='lat' dir='ltr'>termissis</span> <span class='ocrx_word' id='word_1_502' title='bbox 1155 3651 1280 3707; x_wconf 91' lang='lat' dir='ltr'>aliorum</span> <span class='ocrx_word' id='word_1_503' title='bbox 1292 3652 1533 3708; x_wconf 87' lang='lat' dir='ltr'>consacerdotum</span> <span class='ocrx_word' id='word_1_504' title='bbox 1545 3653 1724 3723; x_wconf 67' lang='lat' dir='ltr'>nominibus</span> <span class='ocrx_word' id='word_1_505' title='bbox 1735 3654 1828 3711; x_wconf 88' lang='lat' dir='ltr'>solius</span> 
     </span>
     <span class='ocr_line' id='line_1_39' title="bbox 114 3736 1829 3814; baseline 0.001 -17"><span class='ocrx_word' id='word_1_506' title='bbox 114 3738 165 3797; x_wconf 87' lang='lat' dir='ltr'>ilie</span> <span class='ocrx_word' id='word_1_507' title='bbox 174 3757 289 3798; x_wconf 88' lang='lat' dir='ltr'>servaro</span> <span class='ocrx_word' id='word_1_508' title='bbox 300 3739 402 3796; x_wconf 89' lang='lat' dir='ltr'>nolens</span> <span class='ocrx_word' id='word_1_509' title='bbox 414 3736 565 3811; x_wconf 86' lang='lat' dir='ltr'>angelicus</span> <span class='ocrx_word' id='word_1_510' title='bbox 576 3737 698 3811; x_wconf 90' lang='lat' dir='ltr'>spiritus</span> <span class='ocrx_word' id='word_1_511' title='bbox 708 3738 808 3794; x_wconf 88' lang='lat' dir='ltr'>amisit</span> <span class='ocrx_word' id='word_1_512' title='bbox 819 3739 846 3793; x_wconf 91' lang='lat' dir='ltr'>in</span> <span class='ocrx_word' id='word_1_513' title='bbox 858 3740 940 3794; x_wconf 84' lang='lat' dir='ltr'>coelo.</span> <span class='ocrx_word' id='word_1_514' title='bbox 996 3740 1105 3797; x_wconf 78' lang='lat' dir='ltr'>libonis</span> <span class='ocrx_word' id='word_1_515' title='bbox 1115 3757 1220 3795; x_wconf 88' lang='lat' dir='ltr'>nomen</span> <span class='ocrx_word' id='word_1_516' title='bbox 1233 3757 1300 3795; x_wconf 92' lang='lat' dir='ltr'>cum</span> <span class='ocrx_word' id='word_1_517' title='bbox 1311 3740 1539 3814; x_wconf 87' lang='lat' dir='ltr'>archiepiscopis</span> <span class='ocrx_word' id='word_1_518' title='bbox 1547 3746 1592 3798; x_wconf 87' lang='lat' dir='ltr'>est</span> <span class='ocrx_word' id='word_1_519' title='bbox 1600 3741 1708 3798; x_wconf 89' lang='lat' dir='ltr'>ibidem</span> <span class='ocrx_word' id='word_1_520' title='bbox 1714 3745 1829 3814; x_wconf 88' lang='lat' dir='ltr'>jactan-</span> 
     </span>
     <span class='ocr_line' id='line_1_40' title="bbox 114 3825 1826 3903; baseline 0.001 -18"><span class='ocrx_word' id='word_1_521' title='bbox 114 3828 265 3897; x_wconf 79' lang='lat' dir='ltr'>Quomodo</span> <span class='ocrx_word' id='word_1_522' title='bbox 279 3827 359 3884; x_wconf 91' lang='lat' dir='ltr'>enim</span> <span class='ocrx_word' id='word_1_523' title='bbox 374 3826 437 3882; x_wconf 83' lang='lat' dir='ltr'>sieri</span> <span class='ocrx_word' id='word_1_524' title='bbox 452 3830 551 3898; x_wconf 89' lang='lat' dir='ltr'>posset</span> <span class='ocrx_word' id='word_1_525' title='bbox 566 3831 599 3882; x_wconf 92' lang='lat' dir='ltr'>ut</span> <span class='ocrx_word' id='word_1_526' title='bbox 614 3825 656 3881; x_wconf 90' lang='lat' dir='ltr'>sic</span> <span class='ocrx_word' id='word_1_527' title='bbox 668 3827 771 3881; x_wconf 85' lang='lat' dir='ltr'>iratres</span> <span class='ocrx_word' id='word_1_528' title='bbox 787 3827 876 3882; x_wconf 91' lang='lat' dir='ltr'>nostri</span> <span class='ocrx_word' id='word_1_529' title='bbox 890 3845 942 3882; x_wconf 86' lang='lat' dir='ltr'>nos</span> <span class='ocrx_word' id='word_1_530' title='bbox 996 3833 1049 3896; x_wconf 88' lang='lat' dir='ltr'>ter,</span> <span class='ocrx_word' id='word_1_531' title='bbox 1072 3832 1105 3884; x_wconf 91' lang='lat' dir='ltr'>nt</span> <span class='ocrx_word' id='word_1_532' title='bbox 1129 3827 1307 3900; x_wconf 87' lang='lat' dir='ltr'>quibusdam</span> <span class='ocrx_word' id='word_1_533' title='bbox 1332 3828 1458 3894; x_wconf 86' lang='lat' dir='ltr'>videtur,</span> <span class='ocrx_word' id='word_1_534' title='bbox 1484 3845 1670 3902; x_wconf 64' lang='lat' dir='ltr'>expressum</span> <span class='ocrx_word' id='word_1_535' title='bbox 1695 3835 1724 3886; x_wconf 90' lang='lat' dir='ltr'>et</span> <span class='ocrx_word' id='word_1_536' title='bbox 1747 3832 1826 3903; x_wconf 88' lang='lat' dir='ltr'>quod</span> 
     </span>
     <span class='ocr_line' id='line_1_41' title="bbox 115 3914 1826 3991; baseline 0.001 -17"><span class='ocrx_word' id='word_1_537' title='bbox 115 3915 299 3974; x_wconf 86' lang='lat' dir='ltr'>succensorie</span> <span class='ocrx_word' id='word_1_538' title='bbox 310 3932 378 3971; x_wconf 88' lang='lat' dir='ltr'>cum</span> <span class='ocrx_word' id='word_1_539' title='bbox 390 3914 610 3971; x_wconf 89' lang='lat' dir='ltr'>annihilationis</span> <span class='ocrx_word' id='word_1_540' title='bbox 619 3915 756 3987; x_wconf 89' lang='lat' dir='ltr'>despectu</span> <span class='ocrx_word' id='word_1_541' title='bbox 763 3915 941 3987; x_wconf 88' lang='lat' dir='ltr'>judicarent,</span> <span class='ocrx_word' id='word_1_542' title='bbox 997 3933 1087 3989; x_wconf 90' lang='lat' dir='ltr'>quam</span> <span class='ocrx_word' id='word_1_543' title='bbox 1099 3917 1224 3972; x_wconf 83' lang='lat' dir='ltr'>maxime</span> <span class='ocrx_word' id='word_1_544' title='bbox 1235 3916 1263 3970; x_wconf 93' lang='lat' dir='ltr'>in</span> <span class='ocrx_word' id='word_1_545' title='bbox 1276 3915 1330 3971; x_wconf 92' lang='lat' dir='ltr'>hoc</span> <span class='ocrx_word' id='word_1_546' title='bbox 1341 3916 1404 3988; x_wconf 89' lang='lat' dir='ltr'>ipse</span> <span class='ocrx_word' id='word_1_547' title='bbox 1414 3917 1734 3991; x_wconf 89' lang='lat' dir='ltr'>collaboraverit‚quasi</span> <span class='ocrx_word' id='word_1_548' title='bbox 1750 3937 1765 3975; x_wconf 92' lang='lat' dir='ltr'>e</span> <span class='ocrx_word' id='word_1_549' title='bbox 1781 3938 1826 3975; x_wconf 88' lang='lat' dir='ltr'>re-</span> 
     </span>
     <span class='ocr_line' id='line_1_42' title="bbox 116 4002 1828 4081; baseline 0.003 -21"><span class='ocrx_word' id='word_1_550' title='bbox 116 4004 167 4078; x_wconf 87' lang='lat' dir='ltr'>qui</span> <span class='ocrx_word' id='word_1_551' title='bbox 182 4003 314 4077; x_wconf 86' lang='lat' dir='ltr'>regulam</span> <span class='ocrx_word' id='word_1_552' title='bbox 331 4002 524 4070; x_wconf 89' lang='lat' dir='ltr'>Dominicam,</span> <span class='ocrx_word' id='word_1_553' title='bbox 538 4002 664 4076; x_wconf 89' lang='lat' dir='ltr'>qualiter</span> <span class='ocrx_word' id='word_1_554' title='bbox 673 4003 847 4059; x_wconf 83' lang='lat' dir='ltr'>contrairem</span> <span class='ocrx_word' id='word_1_555' title='bbox 858 4005 942 4076; x_wconf 90' lang='lat' dir='ltr'>quis·</span> <span class='ocrx_word' id='word_1_556' title='bbox 997 4005 1129 4079; x_wconf 88' lang='lat' dir='ltr'>gionesit</span> <span class='ocrx_word' id='word_1_557' title='bbox 1139 4005 1719 4081; x_wconf 87' lang='lat' dir='ltr'>sonsum,ntotiamcumarehiepiseopis</span> <span class='ocrx_word' id='word_1_558' title='bbox 1731 4010 1828 4080; x_wconf 88' lang='lat' dir='ltr'>major</span> 
     </span>
     <span class='ocr_line' id='line_1_43' title="bbox 116 4091 1826 4166; baseline 0.002 -18"><span class='ocrx_word' id='word_1_559' title='bbox 116 4107 174 4166; x_wconf 92' lang='lat' dir='ltr'>que</span> <span class='ocrx_word' id='word_1_560' title='bbox 189 4092 346 4148; x_wconf 87' lang='lat' dir='ltr'>admonere</span> <span class='ocrx_word' id='word_1_561' title='bbox 360 4091 473 4158; x_wconf 89' lang='lat' dir='ltr'>debeat,</span> <span class='ocrx_word' id='word_1_562' title='bbox 486 4092 624 4148; x_wconf 89' lang='lat' dir='ltr'>continue</span> <span class='ocrx_word' id='word_1_563' title='bbox 634 4110 691 4165; x_wconf 80' lang='lat' dir='ltr'>pra</span> <span class='ocrx_word' id='word_1_564' title='bbox 703 4092 796 4147; x_wconf 88' lang='lat' dir='ltr'>oeulis</span> <span class='ocrx_word' id='word_1_565' title='bbox 806 4096 835 4147; x_wconf 89' lang='lat' dir='ltr'>et</span> <span class='ocrx_word' id='word_1_566' title='bbox 845 4093 874 4148; x_wconf 92' lang='lat' dir='ltr'>in</span> <span class='ocrx_word' id='word_1_567' title='bbox 888 4112 941 4148; x_wconf 90' lang='lat' dir='ltr'>usu</span> <span class='ocrx_word' id='word_1_568' title='bbox 997 4094 1109 4150; x_wconf 82' lang='lat' dir='ltr'>crateris</span> <span class='ocrx_word' id='word_1_569' title='bbox 1123 4097 1152 4149; x_wconf 91' lang='lat' dir='ltr'>et</span> <span class='ocrx_word' id='word_1_570' title='bbox 1164 4093 1276 4148; x_wconf 88' lang='lat' dir='ltr'>dectior</span> <span class='ocrx_word' id='word_1_571' title='bbox 1293 4092 1322 4148; x_wconf 90' lang='lat' dir='ltr'>in</span> <span class='ocrx_word' id='word_1_572' title='bbox 1346 4095 1493 4150; x_wconf 88' lang='lat' dir='ltr'>sententia</span> <span class='ocrx_word' id='word_1_573' title='bbox 1510 4094 1605 4150; x_wconf 84' lang='lat' dir='ltr'>suerit.</span> <span class='ocrx_word' id='word_1_574' title='bbox 1619 4096 1678 4152; x_wconf 89' lang='lat' dir='ltr'>Hoc</span> <span class='ocrx_word' id='word_1_575' title='bbox 1694 4097 1773 4152; x_wconf 92' lang='lat' dir='ltr'>enim</span> <span class='ocrx_word' id='word_1_576' title='bbox 1789 4099 1826 4153; x_wconf 90' lang='lat' dir='ltr'>dc</span> 
     </span>
     <span class='ocr_line' id='line_1_44' title="bbox 117 4178 1827 4255; baseline 0.003 -18"><span class='ocrx_word' id='word_1_577' title='bbox 117 4178 248 4255; x_wconf 88' lang='lat' dir='ltr'>quotidie</span> <span class='ocrx_word' id='word_1_578' title='bbox 259 4178 407 4237; x_wconf 81' lang='lat' dir='ltr'>habeant?</span> <span class='ocrx_word' id='word_1_579' title='bbox 416 4180 565 4253; x_wconf 85' lang='lat' dir='ltr'>Scriptum</span> <span class='ocrx_word' id='word_1_580' title='bbox 575 4180 654 4236; x_wconf 89' lang='lat' dir='ltr'>enim</span> <span class='ocrx_word' id='word_1_581' title='bbox 666 4197 730 4237; x_wconf 89' lang='lat' dir='ltr'>esse</span> <span class='ocrx_word' id='word_1_582' title='bbox 741 4188 940 4254; x_wconf 83' lang='lat' dir='ltr'>cognoscunt:</span> <span class='ocrx_word' id='word_1_583' title='bbox 997 4186 1098 4238; x_wconf 88' lang='lat' dir='ltr'>sancto</span> <span class='ocrx_word' id='word_1_584' title='bbox 1112 4182 1287 4254; x_wconf 84' lang='lat' dir='ltr'>Augustino,</span> <span class='ocrx_word' id='word_1_585' title='bbox 1297 4183 1347 4254; x_wconf 89' lang='lat' dir='ltr'>qai</span> <span class='ocrx_word' id='word_1_586' title='bbox 1363 4181 1391 4236; x_wconf 90' lang='lat' dir='ltr'>in</span> <span class='ocrx_word' id='word_1_587' title='bbox 1403 4182 1537 4238; x_wconf 89' lang='lat' dir='ltr'>conciliis</span> <span class='ocrx_word' id='word_1_588' title='bbox 1547 4184 1691 4241; x_wconf 81' lang='lat' dir='ltr'>Africanis</span> <span class='ocrx_word' id='word_1_589' title='bbox 1702 4185 1827 4242; x_wconf 87' lang='lat' dir='ltr'>seientia</span> 
     </span>
     <span class='ocr_line' id='line_1_45' title="bbox 118 4269 1828 4345; baseline 0.002 -20"><span class='ocrx_word' id='word_1_590' title='bbox 118 4269 283 4342; x_wconf 77' lang='lat' dir='ltr'>Priusquam</span> <span class='ocrx_word' id='word_1_591' title='bbox 297 4270 454 4342; x_wconf 79' lang='lat' dir='ltr'>interroqee,</span> <span class='ocrx_word' id='word_1_592' title='bbox 466 4284 501 4324; x_wconf 86' lang='lat' dir='ltr'>ue</span> <span class='ocrx_word' id='word_1_593' title='bbox 510 4271 645 4340; x_wconf 82' lang='lat' dir='ltr'>vituperes</span> <span class='ocrx_word' id='word_1_594' title='bbox 659 4285 831 4340; x_wconf 75' lang='lat' dir='ltr'>quenquam,</span> <span class='ocrx_word' id='word_1_595' title='bbox 842 4278 868 4325; x_wconf 87' lang='lat' dir='ltr'>et</span> <span class='ocrx_word' id='word_1_596' title='bbox 881 4287 944 4326; x_wconf 83' lang='lat' dir='ltr'>eum</span> <span class='ocrx_word' id='word_1_597' title='bbox 996 4275 1026 4327; x_wconf 90' lang='lat' dir='ltr'>et</span> <span class='ocrx_word' id='word_1_598' title='bbox 1035 4270 1134 4326; x_wconf 91' lang='lat' dir='ltr'>labore</span> <span class='ocrx_word' id='word_1_599' title='bbox 1145 4287 1178 4326; x_wconf 87' lang='lat' dir='ltr'>ac</span> <span class='ocrx_word' id='word_1_600' title='bbox 1189 4270 1339 4343; x_wconf 82' lang='lat' dir='ltr'>vigilantia</span> <span class='ocrx_word' id='word_1_601' title='bbox 1350 4272 1445 4342; x_wconf 85' lang='lat' dir='ltr'>major</span> <span class='ocrx_word' id='word_1_602' title='bbox 1455 4272 1577 4342; x_wconf 81' lang='lat' dir='ltr'>exstitit,</span> <span class='ocrx_word' id='word_1_603' title='bbox 1585 4290 1770 4345; x_wconf 87' lang='lat' dir='ltr'>nequequam</span> <span class='ocrx_word' id='word_1_604' title='bbox 1783 4275 1828 4330; x_wconf 91' lang='lat' dir='ltr'>in·</span> 
     </span>
     <span class='ocr_line' id='line_1_46' title="bbox 119 4357 1824 4434; baseline 0.002 -19"><span class='ocrx_word' id='word_1_605' title='bbox 119 4358 341 4431; x_wconf 76' lang='lat' dir='ltr'>tnerroqavere,</span> <span class='ocrx_word' id='word_1_606' title='bbox 357 4360 464 4432; x_wconf 80' lang='lat' dir='ltr'>corripe</span> <span class='ocrx_word' id='word_1_607' title='bbox 472 4361 547 4432; x_wconf 77' lang='lat' dir='ltr'>juste</span> <span class='ocrx_word' id='word_1_608' title='bbox 560 4358 654 4426; x_wconf 80' lang='lat' dir='ltr'>(decli.</span> <span class='ocrx_word' id='word_1_609' title='bbox 671 4375 709 4424; x_wconf 81' lang='lat' dir='ltr'>rr,</span> <span class='ocrx_word' id='word_1_610' title='bbox 725 4357 764 4430; x_wconf 87' lang='lat'>7).</span> <span class='ocrx_word' id='word_1_611' title='bbox 997 4360 1140 4416; x_wconf 90' lang='lat' dir='ltr'>venimus.</span> <span class='ocrx_word' id='word_1_612' title='bbox 1149 4359 1221 4415; x_wconf 87' lang='lat' dir='ltr'>Nam</span> <span class='ocrx_word' id='word_1_613' title='bbox 1230 4363 1258 4415; x_wconf 91' lang='lat' dir='ltr'>et</span> <span class='ocrx_word' id='word_1_614' title='bbox 1268 4359 1330 4431; x_wconf 89' lang='lat' dir='ltr'>ipse</span> <span class='ocrx_word' id='word_1_615' title='bbox 1341 4361 1648 4434; x_wconf 87' lang='lat' dir='ltr'>sanetusAugustinus</span> <span class='ocrx_word' id='word_1_616' title='bbox 1660 4379 1716 4417; x_wconf 90' lang='lat' dir='ltr'>aon</span> <span class='ocrx_word' id='word_1_617' title='bbox 1726 4363 1824 4420; x_wconf 89' lang='lat' dir='ltr'>solum</span> 
     </span>
    </p>

    <p class='ocr_par' dir='ltr' id='par_1_3' title="bbox 112 4446 1825 5678">
     <span class='ocr_line' id='line_1_47' title="bbox 154 4446 1825 4523; baseline 0.004 -22"><span class='ocrx_word' id='word_1_618' title='bbox 154 4447 279 4502; x_wconf 82' lang='lat' dir='ltr'>Sanctus</span> <span class='ocrx_word' id='word_1_619' title='bbox 294 4448 373 4504; x_wconf 90' lang='lat' dir='ltr'>enim</span> <span class='ocrx_word' id='word_1_620' title='bbox 388 4447 570 4521; x_wconf 89' lang='lat' dir='ltr'>Augustinus</span> <span class='ocrx_word' id='word_1_621' title='bbox 585 4446 787 4502; x_wconf 79' lang='lat' dir='ltr'>hereticorum</span> <span class='ocrx_word' id='word_1_622' title='bbox 802 4452 831 4504; x_wconf 91' lang='lat' dir='ltr'>et</span> <span class='ocrx_word' id='word_1_623' title='bbox 846 4465 942 4520; x_wconf 91' lang='lat' dir='ltr'>repre·</span> <span class='ocrx_word' id='word_1_624' title='bbox 998 4465 1028 4504; x_wconf 91' lang='lat' dir='ltr'>so</span> <span class='ocrx_word' id='word_1_625' title='bbox 1043 4448 1156 4504; x_wconf 73' lang='lat' dir='ltr'>esteris</span> <span class='ocrx_word' id='word_1_626' title='bbox 1178 4448 1360 4520; x_wconf 89' lang='lat' dir='ltr'>coepiscopis</span> <span class='ocrx_word' id='word_1_627' title='bbox 1384 4448 1528 4521; x_wconf 90' lang='lat' dir='ltr'>privatam</span> <span class='ocrx_word' id='word_1_628' title='bbox 1550 4450 1673 4523; x_wconf 87' lang='lat' dir='ltr'>gloriam</span> <span class='ocrx_word' id='word_1_629' title='bbox 1688 4468 1825 4523; x_wconf 80' lang='lat' dir='ltr'>quarens</span> 
     </span>
     <span class='ocr_line' id='line_1_48' title="bbox 117 4532 1825 4620; baseline 0.004 -30"><span class='ocrx_word' id='word_1_630' title='bbox 117 4532 279 4590; x_wconf 86' lang='lat' dir='ltr'>hensorum</span> <span class='ocrx_word' id='word_1_631' title='bbox 293 4550 415 4590; x_wconf 88' lang='lat' dir='ltr'>suorum</span> <span class='ocrx_word' id='word_1_632' title='bbox 431 4536 551 4607; x_wconf 89' lang='lat' dir='ltr'>scripta,</span> <span class='ocrx_word' id='word_1_633' title='bbox 566 4539 596 4592; x_wconf 89' lang='lat' dir='ltr'>et</span> <span class='ocrx_word' id='word_1_634' title='bbox 610 4533 639 4591; x_wconf 93' lang='lat' dir='ltr'>in</span> <span class='ocrx_word' id='word_1_635' title='bbox 655 4534 697 4591; x_wconf 89' lang='lat' dir='ltr'>eis</span> <span class='ocrx_word' id='word_1_636' title='bbox 713 4536 852 4608; x_wconf 86' lang='lat' dir='ltr'>quiddam</span> <span class='ocrx_word' id='word_1_637' title='bbox 870 4538 943 4593; x_wconf 88' lang='lat' dir='ltr'>bene</span> <span class='ocrx_word' id='word_1_638' title='bbox 959 4556 982 4620; x_wconf 78' lang='lat' dir='ltr'>p</span> <span class='ocrx_word' id='word_1_639' title='bbox 997 4554 1055 4593; x_wconf 91' lang='lat' dir='ltr'>uon</span> <span class='ocrx_word' id='word_1_640' title='bbox 1071 4535 1207 4609; x_wconf 75' lang='lat' dir='ltr'>pretulit,</span> <span class='ocrx_word' id='word_1_641' title='bbox 1225 4553 1277 4592; x_wconf 91' lang='lat' dir='ltr'>nee</span> <span class='ocrx_word' id='word_1_642' title='bbox 1292 4538 1420 4609; x_wconf 79' lang='lat' dir='ltr'>preferri</span> <span class='ocrx_word' id='word_1_643' title='bbox 1437 4538 1582 4610; x_wconf 88' lang='lat' dir='ltr'>permisit,</span> <span class='ocrx_word' id='word_1_644' title='bbox 1594 4556 1741 4617; x_wconf 83' lang='lat' dir='ltr'>verum-se</span> <span class='ocrx_word' id='word_1_645' title='bbox 1757 4541 1825 4597; x_wconf 88' lang='lat' dir='ltr'>aliis</span> 
     </span>
     <span class='ocr_line' id='line_1_49' title="bbox 117 4613 1822 4697; baseline 0.005 -20"><span class='ocrx_word' id='word_1_646' title='bbox 117 4620 230 4677; x_wconf 87' lang='lat' dir='ltr'>dictum</span> <span class='ocrx_word' id='word_1_647' title='bbox 240 4619 360 4688; x_wconf 88' lang='lat' dir='ltr'>invenit,</span> <span class='ocrx_word' id='word_1_648' title='bbox 369 4622 581 4694; x_wconf 88' lang='lat' dir='ltr'>benignissime</span> <span class='ocrx_word' id='word_1_649' title='bbox 596 4623 896 4696; x_wconf 88' lang='lat' dir='ltr'>acceptavit,etplura</span> <span class='ocrx_word' id='word_1_650' title='bbox 906 4627 942 4682; x_wconf 88' lang='lat' dir='ltr'>ad</span> <span class='ocrx_word' id='word_1_651' title='bbox 997 4624 1164 4697; x_wconf 86' lang='lat' dir='ltr'>supposuit,</span> <span class='ocrx_word' id='word_1_652' title='bbox 1176 4641 1243 4679; x_wconf 85' lang='lat' dir='ltr'>curn</span> <span class='ocrx_word' id='word_1_653' title='bbox 1258 4625 1321 4697; x_wconf 91' lang='lat' dir='ltr'>ipse</span> <span class='ocrx_word' id='word_1_654' title='bbox 1337 4613 1404 4696; x_wconf 82' lang='lat' dir='ltr'>pius</span> <span class='ocrx_word' id='word_1_655' title='bbox 1423 4625 1489 4682; x_wconf 89' lang='lat' dir='ltr'>aliis</span> <span class='ocrx_word' id='word_1_656' title='bbox 1504 4626 1689 4693; x_wconf 88' lang='lat' dir='ltr'>laboraverit,</span> <span class='ocrx_word' id='word_1_657' title='bbox 1700 4629 1777 4685; x_wconf 90' lang='lat' dir='ltr'>sicut</span> <span class='ocrx_word' id='word_1_658' title='bbox 1793 4631 1822 4684; x_wconf 94' lang='lat' dir='ltr'>in</span> 
     </span>
     <span class='ocr_line' id='line_1_50' title="bbox 117 4708 1825 4792; baseline 0.005 -25"><span class='ocrx_word' id='word_1_659' title='bbox 117 4713 213 4767; x_wconf 80' lang='lat' dir='ltr'>rectos</span> <span class='ocrx_word' id='word_1_660' title='bbox 229 4725 335 4766; x_wconf 86' lang='lat' dir='ltr'>sensus</span> <span class='ocrx_word' id='word_1_661' title='bbox 352 4708 537 4781; x_wconf 86' lang='lat' dir='ltr'>interpretari</span> <span class='ocrx_word' id='word_1_662' title='bbox 552 4709 720 4777; x_wconf 87' lang='lat' dir='ltr'>elaboravit,</span> <span class='ocrx_word' id='word_1_663' title='bbox 738 4712 819 4768; x_wconf 90' lang='lat' dir='ltr'>nulla</span> <span class='ocrx_word' id='word_1_664' title='bbox 842 4719 940 4770; x_wconf 87' lang='lat' dir='ltr'>autern</span> <span class='ocrx_word' id='word_1_665' title='bbox 995 4713 1128 4787; x_wconf 90' lang='lat' dir='ltr'>epistolis</span> <span class='ocrx_word' id='word_1_666' title='bbox 1139 4713 1319 4769; x_wconf 82' lang='lat' dir='ltr'>adsenetum</span> <span class='ocrx_word' id='word_1_667' title='bbox 1331 4713 1532 4770; x_wconf 89' lang='lat' dir='ltr'>innocentium</span> <span class='ocrx_word' id='word_1_668' title='bbox 1544 4733 1650 4790; x_wconf 87' lang='lat' dir='ltr'>papam</span> <span class='ocrx_word' id='word_1_669' title='bbox 1662 4718 1825 4792; x_wconf 86' lang='lat' dir='ltr'>scriptis,et</span> 
     </span>
     <span class='ocr_line' id='line_1_51' title="bbox 116 4795 1822 4879; baseline 0.005 -25"><span class='ocrx_word' id='word_1_670' title='bbox 116 4795 153 4854; x_wconf 87' lang='lat' dir='ltr'>de</span> <span class='ocrx_word' id='word_1_671' title='bbox 162 4801 240 4853; x_wconf 87' lang='lat' dir='ltr'>recto</span> <span class='ocrx_word' id='word_1_672' title='bbox 250 4813 338 4853; x_wconf 89' lang='lat' dir='ltr'>sensu</span> <span class='ocrx_word' id='word_1_673' title='bbox 349 4798 385 4853; x_wconf 91' lang='lat' dir='ltr'>ad</span> <span class='ocrx_word' id='word_1_674' title='bbox 399 4813 520 4869; x_wconf 88' lang='lat' dir='ltr'>pravum</span> <span class='ocrx_word' id='word_1_675' title='bbox 531 4796 671 4853; x_wconf 90' lang='lat' dir='ltr'>inclinare</span> <span class='ocrx_word' id='word_1_676' title='bbox 682 4801 814 4858; x_wconf 90' lang='lat' dir='ltr'>tentavit.</span> <span class='ocrx_word' id='word_1_677' title='bbox 824 4802 858 4857; x_wconf 83' lang='lat' dir='ltr'>Et</span> <span class='ocrx_word' id='word_1_678' title='bbox 868 4820 940 4874; x_wconf 92' lang='lat' dir='ltr'>quo·</span> <span class='ocrx_word' id='word_1_679' title='bbox 996 4803 1032 4859; x_wconf 86' lang='lat' dir='ltr'>ad</span> <span class='ocrx_word' id='word_1_680' title='bbox 1044 4801 1117 4858; x_wconf 91' lang='lat' dir='ltr'>alios</span> <span class='ocrx_word' id='word_1_681' title='bbox 1129 4800 1293 4874; x_wconf 79' lang='lat' dir='ltr'>apostolica</span> <span class='ocrx_word' id='word_1_682' title='bbox 1304 4803 1383 4858; x_wconf 90' lang='lat' dir='ltr'>sodis</span> <span class='ocrx_word' id='word_1_683' title='bbox 1396 4804 1602 4878; x_wconf 84' lang='lat' dir='ltr'>praesules,qui</span> <span class='ocrx_word' id='word_1_684' title='bbox 1615 4805 1711 4879; x_wconf 90' lang='lat' dir='ltr'>legere</span> <span class='ocrx_word' id='word_1_685' title='bbox 1724 4807 1822 4863; x_wconf 86' lang='lat' dir='ltr'>voluc-</span> 
     </span>
     <span class='ocr_line' id='line_1_52' title="bbox 116 4883 1822 4967; baseline 0.006 -26"><span class='ocrx_word' id='word_1_686' title='bbox 116 4884 203 4941; x_wconf 89' lang='lat' dir='ltr'>modo</span> <span class='ocrx_word' id='word_1_687' title='bbox 218 4883 322 4940; x_wconf 81' lang='lat' dir='ltr'>fratros</span> <span class='ocrx_word' id='word_1_688' title='bbox 337 4885 429 4965; x_wconf 86' lang='lat' dir='ltr'>nostri</span> <span class='ocrx_word' id='word_1_689' title='bbox 458 4883 529 4940; x_wconf 87' lang='lat' dir='ltr'>tatia</span> <span class='ocrx_word' id='word_1_690' title='bbox 557 4890 685 4957; x_wconf 86' lang='lat' dir='ltr'>agerent,</span> <span class='ocrx_word' id='word_1_691' title='bbox 700 4891 856 4959; x_wconf 89' lang='lat' dir='ltr'>antequam</span> <span class='ocrx_word' id='word_1_692' title='bbox 887 4909 940 4947; x_wconf 86' lang='lat' dir='ltr'>nos</span> <span class='ocrx_word' id='word_1_693' title='bbox 995 4889 1822 4967; x_wconf 84' lang='lat' dir='ltr'>ritinvenirevalebit.Necdeulioopiseoporuminullis</span> 
     </span>
     <span class='ocr_line' id='line_1_53' title="bbox 115 4971 1822 5056; baseline 0.007 -27"><span class='ocrx_word' id='word_1_694' title='bbox 115 4972 278 5029; x_wconf 79' lang='lat' dir='ltr'>secundum</span> <span class='ocrx_word' id='word_1_695' title='bbox 294 4971 490 5044; x_wconf 87' lang='lat' dir='ltr'>evangelicam</span> <span class='ocrx_word' id='word_1_696' title='bbox 513 4971 644 5044; x_wconf 89' lang='lat' dir='ltr'>regulam</span> <span class='ocrx_word' id='word_1_697' title='bbox 660 4972 704 5029; x_wconf 87' lang='lat' dir='ltr'>vel</span> <span class='ocrx_word' id='word_1_698' title='bbox 723 4974 787 5030; x_wconf 87' lang='lat' dir='ltr'>viva</span> <span class='ocrx_word' id='word_1_699' title='bbox 802 4994 880 5046; x_wconf 88' lang='lat' dir='ltr'>voco,</span> <span class='ocrx_word' id='word_1_700' title='bbox 896 4981 940 5036; x_wconf 91' lang='lat' dir='ltr'>vol</span> <span class='ocrx_word' id='word_1_701' title='bbox 994 4978 1126 5036; x_wconf 89' lang='lat' dir='ltr'>conciliis</span> <span class='ocrx_word' id='word_1_702' title='bbox 1138 4977 1236 5034; x_wconf 89' lang='lat' dir='ltr'>taliter</span> <span class='ocrx_word' id='word_1_703' title='bbox 1247 4977 1381 5051; x_wconf 87' lang='lat' dir='ltr'>legimus,</span> <span class='ocrx_word' id='word_1_704' title='bbox 1392 4980 1447 5037; x_wconf 90' lang='lat' dir='ltr'>nisi</span> <span class='ocrx_word' id='word_1_705' title='bbox 1459 4982 1532 5038; x_wconf 84' lang='lat' dir='ltr'>torte</span> <span class='ocrx_word' id='word_1_706' title='bbox 1542 4982 1709 5056; x_wconf 75' lang='lat' dir='ltr'>apostolica</span> <span class='ocrx_word' id='word_1_707' title='bbox 1719 4985 1822 5041; x_wconf 74' lang='lat' dir='ltr'>litterar</span> 
     </span>
     <span class='ocr_line' id='line_1_54' title="bbox 115 5058 1819 5145; baseline 0.009 -29"><span class='ocrx_word' id='word_1_708' title='bbox 115 5058 233 5132; x_wconf 81' lang='lat' dir='ltr'>scriptis</span> <span class='ocrx_word' id='word_1_709' title='bbox 248 5058 311 5116; x_wconf 83' lang='lat' dir='ltr'>suis</span> <span class='ocrx_word' id='word_1_710' title='bbox 326 5058 394 5115; x_wconf 86' lang='lat' dir='ltr'>inde</span> <span class='ocrx_word' id='word_1_711' title='bbox 409 5060 633 5132; x_wconf 88' lang='lat' dir='ltr'>interrogarent,</span> <span class='ocrx_word' id='word_1_712' title='bbox 649 5065 682 5116; x_wconf 89' lang='lat' dir='ltr'>ut</span> <span class='ocrx_word' id='word_1_713' title='bbox 696 5061 738 5117; x_wconf 91' lang='lat' dir='ltr'>vel</span> <span class='ocrx_word' id='word_1_714' title='bbox 755 5063 883 5122; x_wconf 90' lang='lat' dir='ltr'>volentes</span> <span class='ocrx_word' id='word_1_715' title='bbox 895 5069 938 5124; x_wconf 89' lang='lat' dir='ltr'>di·</span> <span class='ocrx_word' id='word_1_716' title='bbox 994 5071 1112 5142; x_wconf 91' lang='lat' dir='ltr'>propter</span> <span class='ocrx_word' id='word_1_717' title='bbox 1126 5067 1288 5123; x_wconf 85' lang='lat' dir='ltr'>evidentem</span> <span class='ocrx_word' id='word_1_718' title='bbox 1304 5078 1425 5124; x_wconf 82' lang='lat' dir='ltr'>causam</span> <span class='ocrx_word' id='word_1_719' title='bbox 1441 5069 1569 5142; x_wconf 89' lang='lat' dir='ltr'>aliquem</span> <span class='ocrx_word' id='word_1_720' title='bbox 1580 5073 1819 5145; x_wconf 80' lang='lat' dir='ltr'>coepiscoporum</span> 
     </span>
     <span class='ocr_line' id='line_1_55' title="bbox 114 5145 1822 5232; baseline 0.01 -30"><span class='ocrx_word' id='word_1_721' title='bbox 114 5160 179 5202; x_wconf 83' lang='lat' dir='ltr'>cere</span> <span class='ocrx_word' id='word_1_722' title='bbox 193 5146 340 5215; x_wconf 86' lang='lat' dir='ltr'>docerent,</span> <span class='ocrx_word' id='word_1_723' title='bbox 350 5145 395 5203; x_wconf 88' lang='lat' dir='ltr'>vel</span> <span class='ocrx_word' id='word_1_724' title='bbox 417 5163 540 5219; x_wconf 88' lang='lat' dir='ltr'>pravum</span> <span class='ocrx_word' id='word_1_725' title='bbox 560 5147 730 5217; x_wconf 87' lang='lat' dir='ltr'>sentientes,</span> <span class='ocrx_word' id='word_1_726' title='bbox 741 5156 769 5207; x_wconf 91' lang='lat' dir='ltr'>et</span> <span class='ocrx_word' id='word_1_727' title='bbox 783 5153 818 5208; x_wconf 89' lang='lat' dir='ltr'>ad</span> <span class='ocrx_word' id='word_1_728' title='bbox 836 5158 939 5212; x_wconf 88' lang='lat' dir='ltr'>trami-</span> <span class='ocrx_word' id='word_1_729' title='bbox 994 5159 1030 5214; x_wconf 89' lang='lat' dir='ltr'>ad</span> <span class='ocrx_word' id='word_1_730' title='bbox 1046 5157 1101 5213; x_wconf 93' lang='lat' dir='ltr'>hoc</span> <span class='ocrx_word' id='word_1_731' title='bbox 1112 5157 1262 5228; x_wconf 90' lang='lat' dir='ltr'>negotium</span> <span class='ocrx_word' id='word_1_732' title='bbox 1273 5174 1340 5212; x_wconf 91' lang='lat' dir='ltr'>cum</span> <span class='ocrx_word' id='word_1_733' title='bbox 1354 5159 1572 5232; x_wconf 89' lang='lat' dir='ltr'>archiepiscopo</span> <span class='ocrx_word' id='word_1_734' title='bbox 1588 5179 1641 5216; x_wconf 92' lang='lat' dir='ltr'>suo</span> <span class='ocrx_word' id='word_1_735' title='bbox 1652 5179 1686 5216; x_wconf 86' lang='lat' dir='ltr'>ex</span> <span class='ocrx_word' id='word_1_736' title='bbox 1702 5165 1822 5219; x_wconf 90' lang='lat' dir='ltr'>nomine</span> 
     </span>
     <span class='ocr_line' id='line_1_56' title="bbox 113 5235 1823 5324; baseline 0.011 -35"><span class='ocrx_word' id='word_1_737' title='bbox 113 5235 174 5290; x_wconf 82' lang='lat' dir='ltr'>tem</span> <span class='ocrx_word' id='word_1_738' title='bbox 187 5235 316 5293; x_wconf 86' lang='lat' dir='ltr'>veritatis</span> <span class='ocrx_word' id='word_1_739' title='bbox 332 5239 361 5291; x_wconf 91' lang='lat' dir='ltr'>et</span> <span class='ocrx_word' id='word_1_740' title='bbox 374 5235 442 5291; x_wconf 85' lang='lat' dir='ltr'>fidei</span> <span class='ocrx_word' id='word_1_741' title='bbox 458 5236 552 5292; x_wconf 86' lang='lat' dir='ltr'>redire</span> <span class='ocrx_word' id='word_1_742' title='bbox 567 5241 796 5307; x_wconf 87' lang='lat' dir='ltr'>contemnentes,</span> <span class='ocrx_word' id='word_1_743' title='bbox 814 5244 938 5302; x_wconf 79' lang='lat' dir='ltr'>fraterno</span> <span class='ocrx_word' id='word_1_744' title='bbox 994 5246 1143 5319; x_wconf 85' lang='lat' dir='ltr'>deeignari</span> <span class='ocrx_word' id='word_1_745' title='bbox 1159 5246 1349 5313; x_wconf 88' lang='lat' dir='ltr'>decreverint,</span> <span class='ocrx_word' id='word_1_746' title='bbox 1361 5247 1438 5303; x_wconf 85' lang='lat' dir='ltr'>sicut</span> <span class='ocrx_word' id='word_1_747' title='bbox 1449 5248 1753 5323; x_wconf 85' lang='lat' dir='ltr'>deAugustoduneusi</span> <span class='ocrx_word' id='word_1_748' title='bbox 1764 5253 1823 5324; x_wconf 92' lang='lat' dir='ltr'>epi·</span> 
     </span>
     <span class='ocr_line' id='line_1_57' title="bbox 114 5321 1821 5412; baseline 0.012 -38"><span class='ocrx_word' id='word_1_749' title='bbox 114 5321 144 5375; x_wconf 86' lang='lat' dir='ltr'>et</span> <span class='ocrx_word' id='word_1_750' title='bbox 158 5321 264 5392; x_wconf 79' lang='lat' dir='ltr'>sepius</span> <span class='ocrx_word' id='word_1_751' title='bbox 286 5326 515 5390; x_wconf 89' lang='lat' dir='ltr'>commonerent,</span> <span class='ocrx_word' id='word_1_752' title='bbox 532 5328 562 5379; x_wconf 90' lang='lat' dir='ltr'>et</span> <span class='ocrx_word' id='word_1_753' title='bbox 585 5327 767 5384; x_wconf 89' lang='lat' dir='ltr'>auctoritatis</span> <span class='ocrx_word' id='word_1_754' title='bbox 792 5330 940 5390; x_wconf 73' lang='lat' dir='ltr'>divinaret</span> <span class='ocrx_word' id='word_1_755' title='bbox 993 5351 1080 5406; x_wconf 88' lang='lat' dir='ltr'>scopo</span> <span class='ocrx_word' id='word_1_756' title='bbox 1096 5333 1125 5388; x_wconf 87' lang='lat' dir='ltr'>ia</span> <span class='ocrx_word' id='word_1_757' title='bbox 1150 5334 1283 5406; x_wconf 89' lang='lat' dir='ltr'>epistolis</span> <span class='ocrx_word' id='word_1_758' title='bbox 1304 5335 1380 5390; x_wconf 90' lang='lat' dir='ltr'>beati</span> <span class='ocrx_word' id='word_1_759' title='bbox 1396 5337 1525 5409; x_wconf 83' lang='lat' dir='ltr'>Gregorii</span> <span class='ocrx_word' id='word_1_760' title='bbox 1553 5339 1692 5412; x_wconf 88' lang='lat' dir='ltr'>legimus;</span> <span class='ocrx_word' id='word_1_761' title='bbox 1709 5346 1821 5411; x_wconf 86' lang='lat' dir='ltr'>quanto</span> 
     </span>
     <span class='ocr_line' id='line_1_58' title="bbox 114 5409 1821 5500; baseline 0.012 -36"><span class='ocrx_word' id='word_1_762' title='bbox 114 5410 283 5464; x_wconf 76' lang='lat' dir='ltr'>sauctorum</span> <span class='ocrx_word' id='word_1_763' title='bbox 294 5409 413 5467; x_wconf 89' lang='lat' dir='ltr'>Patrum</span> <span class='ocrx_word' id='word_1_764' title='bbox 429 5409 537 5483; x_wconf 88' lang='lat' dir='ltr'>scripta</span> <span class='ocrx_word' id='word_1_765' title='bbox 550 5411 634 5468; x_wconf 88' lang='lat' dir='ltr'>nobis</span> <span class='ocrx_word' id='word_1_766' title='bbox 650 5425 853 5488; x_wconf 86' lang='lat' dir='ltr'>proponerent,</span> <span class='ocrx_word' id='word_1_767' title='bbox 866 5427 896 5477; x_wconf 92' lang='lat' dir='ltr'>et</span> <span class='ocrx_word' id='word_1_768' title='bbox 907 5428 940 5478; x_wconf 92' lang='lat' dir='ltr'>ut</span> <span class='ocrx_word' id='word_1_769' title='bbox 993 5423 1089 5495; x_wconf 82' lang='lat' dir='ltr'>magis</span> <span class='ocrx_word' id='word_1_770' title='bbox 1104 5421 1158 5479; x_wconf 89' lang='lat' dir='ltr'>iste</span> <span class='ocrx_word' id='word_1_771' title='bbox 1174 5422 1328 5496; x_wconf 86' lang='lat' dir='ltr'>religiosus</span> <span class='ocrx_word' id='word_1_772' title='bbox 1342 5428 1371 5479; x_wconf 89' lang='lat' dir='ltr'>et</span> <span class='ocrx_word' id='word_1_773' title='bbox 1385 5425 1429 5480; x_wconf 93' lang='lat' dir='ltr'>vir</span> <span class='ocrx_word' id='word_1_774' title='bbox 1439 5433 1544 5484; x_wconf 77' lang='lat' dir='ltr'>cautius</span> <span class='ocrx_word' id='word_1_775' title='bbox 1560 5430 1589 5484; x_wconf 90' lang='lat' dir='ltr'>in</span> <span class='ocrx_word' id='word_1_776' title='bbox 1606 5429 1776 5500; x_wconf 84' lang='lat' dir='ltr'>hujusmodi</span> <span class='ocrx_word' id='word_1_777' title='bbox 1790 5448 1821 5485; x_wconf 90' lang='lat' dir='ltr'>se</span> 
     </span>
     <span class='ocr_line' id='line_1_59' title="bbox 114 5492 1820 5591; baseline 0.016 -44"><span class='ocrx_word' id='word_1_778' title='bbox 114 5492 144 5549; x_wconf 89' lang='lat' dir='ltr'>in</span> <span class='ocrx_word' id='word_1_779' title='bbox 154 5509 248 5550; x_wconf 91' lang='lat' dir='ltr'>unum</span> <span class='ocrx_word' id='word_1_780' title='bbox 258 5499 480 5556; x_wconf 86' lang='lat' dir='ltr'>conveniremus</span> <span class='ocrx_word' id='word_1_781' title='bbox 490 5516 620 5556; x_wconf 90' lang='lat' dir='ltr'>noscum</span> <span class='ocrx_word' id='word_1_782' title='bbox 629 5507 853 5564; x_wconf 87' lang='lat' dir='ltr'>mansuetudine</span> <span class='ocrx_word' id='word_1_783' title='bbox 864 5515 892 5565; x_wconf 91' lang='lat' dir='ltr'>ot</span> <span class='ocrx_word' id='word_1_784' title='bbox 903 5511 940 5566; x_wconf 93' lang='lat' dir='ltr'>le·</span> <span class='ocrx_word' id='word_1_785' title='bbox 993 5515 1094 5568; x_wconf 76' lang='lat' dir='ltr'>elici-re</span> <span class='ocrx_word' id='word_1_786' title='bbox 1110 5511 1253 5567; x_wconf 84' lang='lat' dir='ltr'>noluisset</span> <span class='ocrx_word' id='word_1_787' title='bbox 1267 5516 1318 5567; x_wconf 85' lang='lat' dir='ltr'>aut</span> <span class='ocrx_word' id='word_1_788' title='bbox 1334 5515 1473 5585; x_wconf 72' lang='lat' dir='ltr'>praeferri,</span> <span class='ocrx_word' id='word_1_789' title='bbox 1488 5517 1633 5591; x_wconf 87' lang='lat' dir='ltr'>despectis</span> <span class='ocrx_word' id='word_1_790' title='bbox 1648 5536 1682 5573; x_wconf 92' lang='lat' dir='ltr'>nc</span> <span class='ocrx_word' id='word_1_791' title='bbox 1700 5523 1820 5590; x_wconf 74' lang='lat' dir='ltr'>prater-</span> 
     </span>
     <span class='ocr_line' id='line_1_60' title="bbox 112 5580 1821 5678; baseline 0.016 -41"><span class='ocrx_word' id='word_1_792' title='bbox 112 5580 206 5637; x_wconf 86' lang='lat' dir='ltr'>nitate</span> <span class='ocrx_word' id='word_1_793' title='bbox 219 5581 386 5656; x_wconf 79' lang='lat' dir='ltr'>invitarunt,</span> <span class='ocrx_word' id='word_1_794' title='bbox 398 5588 525 5644; x_wconf 86' lang='lat' dir='ltr'>scientes</span> <span class='ocrx_word' id='word_1_795' title='bbox 545 5588 616 5660; x_wconf 91' lang='lat' dir='ltr'>quia</span> <span class='ocrx_word' id='word_1_796' title='bbox 639 5591 793 5666; x_wconf 90' lang='lat' dir='ltr'>opiscopus</span> <span class='ocrx_word' id='word_1_797' title='bbox 808 5597 872 5654; x_wconf 88' lang='lat' dir='ltr'>ideo</span> <span class='ocrx_word' id='word_1_798' title='bbox 887 5602 937 5655; x_wconf 91' lang='lat' dir='ltr'>ad·</span> <span class='ocrx_word' id='word_1_799' title='bbox 993 5602 1094 5657; x_wconf 85' lang='lat' dir='ltr'>missis</span> <span class='ocrx_word' id='word_1_800' title='bbox 1105 5599 1216 5656; x_wconf 77' lang='lat' dir='ltr'>esteris</span> <span class='ocrx_word' id='word_1_801' title='bbox 1227 5601 1417 5677; x_wconf 87' lang='lat' dir='ltr'>coepiscopis,</span> <span class='ocrx_word' id='word_1_802' title='bbox 1426 5606 1627 5678; x_wconf 82' lang='lat' dir='ltr'>permisisset?</span> <span class='ocrx_word' id='word_1_803' title='bbox 1636 5607 1697 5662; x_wconf 92' lang='lat' dir='ltr'>lluc</span> <span class='ocrx_word' id='word_1_804' title='bbox 1707 5609 1821 5664; x_wconf 88' lang='lat' dir='ltr'>accedit</span> 
     </span>
    </p>
   </div>
   <div class='ocr_carea' id='block_1_3' title="bbox 0 0 1910 6098">
    <p class='ocr_par' dir='ltr' id='par_1_4' title="bbox 0 0 1910 6098">
     <span class='ocr_line' id='line_1_61' title="bbox 0 0 1910 6098; baseline 0 0"><span class='ocrx_word' id='word_1_805' title='bbox 0 0 1910 6098; x_wconf 95' lang='lat' dir='ltr'> </span> 
     </span>
    </p>
   </div>
  </div>
 </body>
</html>
