3824 6096
68 390 74 399 Ι
100 304 158 367 sol
691 302 741 366 DE
763 298 957 366 cavannis
979 298 1108 375 Virus,
1132 304 1218 366 erc.
1749 311 1809 373 902

98 438 164 513 gari
177 437 290 507 volunt,
305 441 393 510 atque
408 441 440 493 ut
456 437 496 492 ita
510 436 635 493 dixerim
650 440 787 508 quaerunt
802 440 834 492 ut
850 452 924 507 que·
938 435 968 502 A
982 440 1054 490 nate
1070 436 1212 492 castitatis
1228 439 1317 494 etiam
1329 439 1395 495 vita
1406 443 1519 498 eterne
1534 459 1644 516 pascua
1654 441 1805 517 largiatur,

102 529 215 584 rantur.
227 525 286 581 llos
301 541 370 599 ergo
386 526 535 598 adjutores
549 527 653 581 nostrae
664 524 804 580 orationis
815 541 927 596 quaera-
983 523 1011 577 id
1027 526 1072 579 est
1085 531 1265 597 peccatorem
1277 544 1449 584 conversum
1460 548 1477 585 a
1487 531 1534 588 via
1544 549 1598 587 sua
1608 532 1807 605 malajustum

101 633 181 686 mus,
200 614 255 671 hos
279 619 457 687 protectores
480 615 571 670 nostri
596 618 694 669 reatus
719 613 926 669 inveniamus:
983 612 1076 668 lacere
1103 613 1250 686 dignetur,
1269 633 1356 688 quem
1387 618 1490 673 merito
1515 619 1596 674 boue
1622 621 1746 677 actionis
1772 622 1808 678 ad

101 702 172 776 quia
194 719 230 757 ne
254 702 358 775 punire
382 706 548 774 peccatores
573 702 686 768 debeat,
704 700 798 776 rogari
823 699 885 755 uult
900 702 929 754 et
983 718 1105 774 regnum
1122 703 1237 759 celeste
1252 704 1403 776 perducat.
1416 705 1581 778 Videasque
1594 708 1809 766 Dominustan-

100 790 165 864 ipse
180 790 231 862 qui
239 789 367 860 judicat,
385 789 505 845 undeet
521 793 580 843 tam
603 786 689 860 longo
708 792 837 864 tempore
849 803 927 840 corrr-
983 793 1047 844 tum
1063 790 1128 846 fidei
1147 797 1251 847 nostrae
1268 793 1413 860 ardorem,
1431 798 1491 849 tum
1509 795 1686 866 pertinacem
1707 797 1809 853 orandi

102 879 235 936 minatur
249 878 334 945 iram,
351 882 380 932 et
396 881 494 932 tumen
517 875 746 932 miseric-orditer
769 878 927 948 exspectat.
984 879 1240 950 perseverantiam,
1257 882 1375 937 tandem
1392 882 1590 950 miserebitur,
1604 884 1810 958 etnobisquo-

100 968 149 1024 Sic
164 971 330 1024 antemnas
347 965 547 1023 misericordia
561 967 626 1038 ejus
649 965 784 1032 refoveat,
801 968 834 1019 ut
849 960 929 1019 nullo
984 983 1041 1038 que
1057 967 1133 1023 sicut
1155 968 1290 1025 volumus
1315 969 1377 1025 fieri
1402 970 1552 1036 concedet,
1567 973 1600 1025 at
1613 970 1749 1027 videlicet
1763 989 1811 1027 ex-

103 1056 191 1114 modo
202 1055 382 1130 negligentes
393 1055 511 1112 reddat:
521 1053 562 1110 sic
574 1058 693 1126 peccata
703 1058 803 1110 nostra
812 1056 929 1126 portur·
985 1054 1079 1127 pulsis
1088 1056 1261 1113 vitiosarum
1270 1056 1448 1115 tumultibus
1456 1056 1812 1130 cogitationum,dimissis

102 1145 184 1215 beet,
199 1149 232 1201 ut
247 1161 330 1200 mens
348 1143 376 1200 in
392 1141 624 1216 desperationem
642 1158 699 1196 non
711 1144 830 1214 proruat
842 1158 848 1196 :
861 1141 931 1213 quia
984 1149 1170 1216 peccatorum
1182 1147 1347 1215 noxibus,et
1358 1164 1431 1220 pura
1443 1145 1527 1202 nobis
1539 1146 1682 1203 serenitas
1693 1147 1811 1217 mentis,

102 1234 171 1291 etsi
187 1237 398 1308 presumentes
414 1232 585 1300 metuimus,
602 1236 631 1286 et
647 1234 812 1286 metuentes
830 1247 929 1303 spera·
985 1236 1013 1287 et
1029 1233 1165 1305 perfectio
1191 1235 1259 1291 boni
1285 1236 1499 1309 redintegretur
1522 1235 1628 1309 operis.
1646 1236 1680 1292 Hi
1703 1237 1811 1310 itaque,
1897 1223 1898 1228 ¹

102 1341 183 1393 mus,
199 1327 340 1378 eternum
356 1337 479 1394 regnum
494 1319 582 1376 citius
597 1318 732 1392 adepturi
747 1335 862 1386 sumus,
880 1317 931 1374 ubi
986 1321 1036 1394 qui
1051 1322 1087 1378 de
1101 1321 1182 1378 nullo
1196 1341 1345 1399 suonpere
1356 1324 1557 1391 confidunt,ad
1569 1328 1738 1382 sanctorum
1750 1343 1814 1398 pro-

101 1416 173 1470 sunt
186 1409 347 1484 hymnidici
364 1407 535 1483 angelorum
551 1406 643 1474 chori,
658 1407 782 1464 societas
794 1424 930 1481 superno·
986 1409 1141 1467 tectionem
1157 1417 1290 1482 currunt,
1308 1417 1395 1486 atque
1409 1414 1445 1469 ad
1461 1430 1544 1470 sacra
1567 1430 1668 1469 eorum
1692 1431 1814 1488 corpora

102 1517 170 1557 rum
183 1498 399 1570 civium,dulcis
412 1496 584 1556 solemnitas
594 1515 611 1554 a
622 1495 865 1571 peregrinationis
876 1496 931 1552 hu·
987 1499 1104 1556 datibus
1120 1500 1270 1572 insistunt,
1289 1502 1447 1575 promereri
1459 1519 1490 1559 se
1500 1503 1615 1559 veniam
1630 1503 1672 1559 eis
1688 1502 1813 1560 interce·

97 1591 151 1663 jus
167 1589 246 1646 tristi
261 1588 360 1644 labore
375 1587 573 1644 redeuntium.
590 1586 632 1644 lbi
647 1585 759 1659 providi
775 1584 931 1659 propheta·
987 1589 1124 1646 dentibus
1141 1591 1343 1664 deprecantur.
1361 1592 1434 1659 Quid
1451 1609 1519 1666 ergo
1535 1592 1584 1647 isti
1599 1591 1629 1647 in
1645 1591 1700 1648 hoc
1720 1592 1814 1648 humi·

102 1696 169 1736 rum
193 1677 285 1746 chori,
312 1678 352 1733 ibi
373 1677 465 1749 judex
495 1675 695 1749 apostolorum
726 1673 930 1743 numerus,ibi
987 1678 1204 1746 litotes-nciam,
1222 1680 1277 1736 nisi
1295 1680 1812 1754 quinboneactionisrelamennon

103 1765 366 1825 innumerabilium
382 1769 546 1838 martyrum
566 1763 658 1820 victor
681 1763 835 1830 exercitus,
852 1765 933 1818 tanto
988 1767 1130 1823 habentes
1144 1767 1255 1840 lapides
1269 1768 1495 1842 amplexantur?

104 1854 163 1912 illic
177 1854 280 1921 letior,
292 1858 403 1926 quanto
415 1853 462 1909 hic
473 1851 577 1908 durius
589 1851 727 1908 aillictus.
736 1852 778 1907 lbi
789 1853 933 1907 confesso-

104 1962 171 2002 rum
186 1944 355 2001 oonstantia
369 1941 481 2015 praemii
496 1942 543 1997 sui
564 1941 749 2014 perceptione
773 1940 932 1996 consolata.

103 2033 147 2091 lbi
162 2031 264 2089 lideles
276 2028 598 2104 viri‚quosavirilitatis
610 2047 668 2084 sue
685 2030 786 2085 robore
799 2028 934 2101 voluptas

104 2121 203 2180 seculi
217 2118 349 2177 emollire
366 2137 423 2175 non
435 2117 586 2192 potuit.lbi
598 2122 705 2174 sanetae
717 2117 933 2189 mulieresque

104 2228 172 2267 cum
188 2209 295 2266 seculo
310 2213 339 2265 et
355 2225 457 2265 sexum
483 2208 625 2262 vicerunt.
643 2205 684 2262 lbi
710 2205 804 2279 pueri,
822 2205 872 2278 qui
888 2205 935 2261 hie

106 2316 199 2357 annos
210 2315 281 2355 suos
293 2296 424 2353 moribus
436 2296 681 2352 transcenderunt
694 2311 700 2349 :
713 2294 936 2366 ibisenes,quos

105 2389 151 2447 hic
162 2393 233 2444 astas
243 2385 353 2444 debiles
361 2371 797 2456 reddiditetvirtusoperisnon
805 2382 933 2455 reliquit.

107 2466 353 2549 Quaeramusergo
362 2474 423 2532 hec
433 2473 774 2548 pascua,inquibuscum
787 2475 935 2528 tantorum

108 2567 215 2625 civium
231 2566 416 2622 solemnitate
427 2565 619 2637 gaudeamus.
632 2563 699 2635 Ipsa
710 2579 763 2618 nos
775 2561 936 2617 laetantium

1025 1856 1111 1924 (llum.
1128 1857 1162 1911 37
1178 1858 1207 1912 in
1219 1859 1333 1930 during.)
1350 1882 1363 1906 «
1382 1859 1437 1914 Sed
1454 1875 1508 1913 nos
1522 1862 1700 1931 peccatores,
1713 1857 1814 1914 multis

989 1946 1017 1997 et
1033 1942 1168 1999 maximis
1184 1943 1303 2000 involuti
1320 1945 1457 2017 peccatis,
1475 1945 1582 2018 quibus
1598 1945 1734 2020 lacrymis
1750 1964 1814 2020 spe-

990 2047 1053 2085 rare
1068 2031 1183 2087 veniam
1196 2032 1439 2105 debemus,quiin
1451 2031 1500 2088 illo
1509 2036 1661 2090 tremendo
1671 2034 1814 2100 examine,

989 2136 1057 2175 cum
1070 2138 1135 2193 rege
1147 2126 1246 2176 nostro
1258 2138 1292 2176 ex
1303 2138 1385 2193 aequo
1396 2122 1588 2194 adjudicium
1601 2140 1658 2178 non
1669 2122 1816 2191 venimus,

994 2225 1071 2281 quos
1084 2209 1224 2264 nimirum
1236 2209 1363 2265 conditio
1374 2209 1555 2266 infirmitatis
1565 2215 1593 2265 et
1603 2226 1692 2266 causa
1702 2210 1817 2266 iuferio-

992 2314 1039 2353 res
1053 2296 1191 2352 exhibet?
1205 2297 1260 2353 Sed
1277 2299 1400 2354 sortasse
1422 2299 1487 2371 jum
1511 2299 1580 2354 mali
1595 2298 1691 2371 operis
1712 2297 1816 2371 culpas

991 2386 1243 2458 abscidiniusgam
1254 2385 1814 2460 pravaqumqueexteriusdeclinamus:

992 2475 1167 2546 nunquidud
1175 2475 1351 2531 reddendam
1361 2476 1505 2531 rationem
1514 2475 1699 2549 cogitationis
1710 2480 1816 2532 nostre

991 2562 1177 2619 sufficimus?
1192 2563 1265 2618 Nam
1281 2581 1348 2619 cum
1372 2564 1475 2636 viginti
1502 2564 1634 2621 millibus
1658 2563 1755 2621 venire
1779 2565 1816 2621 ad

111 2655 252 2714 festivitas
268 2655 381 2720 invitet,
397 2652 464 2709 etsi
482 2651 548 2726 quis
569 2656 703 2708 nostrum
727 2651 936 2706 conscientiam

109 2742 196 2803 habet
211 2742 592 2810 avaritiae,elationis‚vanae
604 2738 936 2814 glorioe,indignationis,
993 2746 1194 2811 contraquam
1210 2739 1331 2795 minime
1348 2738 1456 2796 sufficit
1478 2740 1525 2796 ille
1550 2741 1599 2813 qui
1624 2758 1692 2797 cum
1716 2742 1816 2797 decem

67 2832 70 2836 ’
109 2827 940 2898 iracundie,velinvidie,ceterorumveritiorumsorde
993 2826 1125 2882 millibus
1141 2827 1331 2895 vcnit,dccem
1347 2827 1439 2883 millia
1453 2827 1818 2901 quippeadvigintimitlia

111 2921 262 2996 pollutam,
280 2920 357 2977 sicut
372 2917 479 2975 mulier
493 2919 640 2975 Cananea
656 2917 747 2973 filiam
770 2916 858 2972 habet
874 2933 941 2989 pro.
994 2915 1134 2988 simplum
1146 2916 1181 2972 ad
1192 2916 1315 2989 duplum
1327 2919 1568 2983 sunt,nosautem
1580 2916 1604 2973 si
1616 2915 1742 2972 multum
1754 2933 1818 2988 pro-

119 3012 191 3068 lecto
215 3009 292 3066 male
308 3027 325 3065 a
339 3009 482 3064 demonio
506 3012 649 3075 vexatam,
672 3023 724 3078 pro
748 3007 833 3078 cujus
857 3023 941 3062 sana·
995 3004 1128 3074 ficimus3
1144 3005 1191 3060 vix
1205 3003 1458 3061 exteriomnostra
1478 3021 1566 3077 opera
1590 3005 1619 3060 iu
1644 3004 1817 3061 rectitudine

119 3100 196 3157 tione
208 3098 332 3173 supplex
345 3098 381 3154 ad
397 3096 554 3153 Dominum
575 3097 673 3150 currat
688 3111 695 3148 ε
712 3094 782 3167 quia
802 3093 941 3150 nimirum
995 3111 1155 3151 servamus.
1173 3094 1245 3149 Nam
1260 3098 1288 3149 et
1303 3093 1400 3165 sijum
1425 3092 1541 3149 luxuria
1564 3094 1661 3149 carnis
1686 3092 1818 3149 abscissa

118 3187 325 3262 cogitationem
335 3203 388 3242 suo
397 3185 482 3242 corde
491 3182 672 3257 progenitam
683 3181 827 3238 diabolica
838 3182 942 3239 tolerat
957 3169 979 3237 C
997 3187 1052 3249 est,
1068 3189 1165 3238 lamen
1178 3182 1275 3238 adhuc
1286 3199 1303 3237 a
1313 3183 1397 3237 corde
1409 3182 1541 3238 funditus
1552 3182 1683 3238 abscissa
1694 3198 1751 3236 non
1761 3185 1816 3236 cst.

112 3271 727 3347 artedementatam,cujusemendationem
743 3287 760 3325 a
775 3271 821 3342 pio
837 3272 940 3326 Condi·
996 3272 1046 3329 ille
1061 3277 1157 3328 autom
1174 3272 1222 3345 qui
1234 3272 1420 3344 judicaturus
1430 3271 1671 3340 i'enitoxteriora,
1685 3270 1773 3328 simul
1789 3275 1818 3327 ct

112 3368 171 3421 lore
178 3364 299 3431 crebris,
309 3363 368 3420 imo
377 3362 537 3429 continuis,
546 3361 650 3416 debeat
662 3359 794 3432 flagitare
804 3358 941 3416 lamentis
995 3361 1341 3433 interiornjudicat,facta
1348 3359 1684 3434 pariteretcogitationes
1696 3364 1816 3433 pensat:

113 3470 143 3510 ac
159 3452 308 3526 precibus.
323 3452 353 3508 Si
369 3451 435 3524 quis
450 3451 527 3507 bona
542 3467 606 3523 quas
621 3448 714 3521 gessit
724 3448 798 3504 sorte
807 3450 939 3522 perjurii,
994 3468 1062 3506 cum
1078 3449 1168 3523 duplo
1184 3466 1252 3522 orgo
1267 3450 1394 3506 exercitu
1410 3453 1510 3505 contra
1525 3448 1666 3521 simplum
1676 3448 1818 3521 venit,qui

113 3536 729 3614 lurti,blasphemiaedetractionis,rixe,vel
740 3536 829 3592 ctiam
842 3554 941 3610 corpo
994 3539 1106 3607 nos,vix
1120 3539 1150 3596 in
1166 3539 1227 3595 solo
1241 3556 1327 3611 opere
1341 3542 1529 3611 praeparatos,
1541 3537 1631 3594 simul
1646 3538 1683 3593 de
1693 3554 1779 3610 opere
1790 3540 1819 3592 et

992 2651 1102 2707 bellum
1129 2670 1177 2707 rex
1205 2653 1234 2707 iu
1264 2652 1417 2725 Evangelio
1447 2653 1556 2708 dicitur
1579 2655 1654 2721 (Luc.
1681 2672 1738 2716 xiv,
1758 2655 1815 2723 31),

112 3629 180 3686 ralis
205 3628 412 3696 immunditie,
429 3632 637 3684 ceterorumve
660 3625 833 3698 hujusmodi
859 3632 940 3699 peste
993 3628 1166 3702 cogitatione
1182 3626 1388 3694 discutitouid
1403 3643 1471 3700 ergo
1486 3627 1631 3701 agendum
1643 3627 1818 3695 est‚lratres,

108 3717 336 3807 ledovit,flliam
352 3716 442 3773 habet
456 3715 604 3772 immundi
620 3714 743 3787 spiritus
755 3715 840 3771 iuriis
850 3716 940 3789 agita-

110 3810 180 3875 tam,
197 3806 268 3879 quia
282 3805 414 3862 videlicet
429 3804 585 3873 actionem,
595 3821 683 3876 quam
695 3804 767 3861 bene
778 3803 937 3861 laborando

109 3895 251 3962 ediderat,
271 3896 336 3967 jam
360 3893 469 3950 diaboli
495 3893 648 3949 fraudibus
671 3890 760 3949 stulte
785 3892 937 3950 serviendo

107 3982 308 4058 disperdidit:
325 3982 449 4056 ideoque
474 3998 592 4039 necesse
616 3986 671 4049 est,
689 3979 757 4035 tulis
776 3986 808 4036 ut
823 3985 936 4038 reatum

109 4088 199 4128 auum
210 4070 388 4144 cognoverit,
405 4086 472 4126 mox
485 4071 523 4126 ad
539 4085 639 4143 preces
653 4067 856 4142 lacrymasque
872 4086 938 4125 con·

109 4160 213 4235 fugiat,
230 4164 399 4216 sanctorum
421 4159 523 4214 creber
544 4157 769 4215 intercessiones
784 4161 813 4213 et
826 4157 935 4214 auxilia

109 4254 234 4322 querat,
250 4248 300 4322 qui
317 4265 368 4321 pro
390 4246 494 4304 animae
518 4247 583 4319 ejus
607 4246 702 4302 salute
727 4250 863 4319 rogantes
879 4246 936 4302 Do-

108 4336 191 4394 mino
207 4335 307 4393 dicant
323 4353 330 4392 :
348 4336 514 4404 Precamur,
530 4333 653 4391 Domine
669 4333 823 4391 miserator
836 4338 865 4391 et
880 4335 936 4390 mi-

108 4423 244 4495 sericors,
252 4423 412 4496 patiens,et
422 4424 521 4480 multe
533 4422 859 4490 miserationis,dimitte
871 4442 935 4481 eam

994 3718 1048 3774 nisi
1066 3719 1181 3773 utdum
1197 3735 1263 3774 cum
1284 3715 1391 3790 simplo
1416 3715 1543 3772 exercitu
1567 3720 1670 3772 contra
1693 3714 1817 3788 duplum

992 3807 1072 3864 illius
1087 3807 1221 3863 sufficere
1237 3823 1293 3862 non
1309 3822 1396 3878 posse
1410 3805 1620 3878 conspicimus,
1635 3805 1706 3860 dum
1723 3803 1818 3859 adlruo

991 3894 1076 3970 longe
1091 3900 1135 3953 cst
1149 3895 1324 3969 legationem
1342 3894 1508 3960 mittamus,
1519 3898 1547 3950 et
1563 3909 1699 3967 rogemus
1709 3908 1743 3949 ea
1753 3908 1817 3966 que

991 3985 1072 4058 pacis
1088 3984 1179 4041 sunt?
1191 3984 1288 4056 Longe
1300 3982 1378 4038 enim
1389 3982 1560 4056 dieitur,qui
1572 3983 1668 4038 adhuc
1678 3981 1817 4054 perjudi-

991 4073 1069 4129 cium
1084 4089 1212 4145 praesens
1229 4088 1285 4127 non
1299 4071 1580 4127 videtur.Mittamus
1595 4071 1630 4126 ad
1647 4070 1725 4126 hunc
1741 4067 1817 4142 lega·

990 4162 1100 4218 tionem
1119 4161 1264 4233 lacrymas
1287 4164 1413 4226 nostras,
1430 4158 1584 4214 mittamus
1608 4155 1816 4213 misericordie

991 4267 1087 4324 opera,
1105 4251 1269 4305 mactemus
1281 4246 1310 4302 in
1331 4263 1382 4301 ara
1402 4247 1467 4317 ejus
1492 4245 1604 4301 hostias
1630 4241 1814 4317 placationis,

990 4355 1202 4413 cognoscamus
1218 4354 1272 4394 nos
1285 4352 1353 4392 curn
1370 4351 1403 4390 eo
1417 4332 1567 4406 injudicio
1578 4350 1636 4388 non
1648 4347 1733 4404 posse
1744 4347 1815 4386 con-

990 4430 1117 4497 tendere,
1134 4443 1291 4501 pensemus
1304 4424 1441 4480 virtutem
1455 4423 1519 4493 ejus
1536 4418 1816 4493 fortitudiniaroge·

107 4512 180 4587 qaia
192 4511 300 4571 elamat
315 4518 459 4586 pestana,
476 4512 590 4568 dimitte
606 4515 718 4567 reatum
734 4517 763 4568 et
778 4512 854 4568 dono
868 4529 934 4586 gra·
950 4536 975 4601 D
991 4535 1058 4575 mus
1073 4536 1107 4574 ea
1122 4534 1185 4590 que
1201 4515 1280 4589 pacis
1295 4518 1375 4570 sunt.
1391 4512 1456 4568 Hac
1466 4515 1511 4568 est
1521 4506 1815 4583 nostralegatio,qua
1874 4568 1877 4573 ,

106 4601 193 4672 tiam,
210 4601 261 4675 qui
276 4607 411 4659 nostrum
435 4601 540 4658 intimo
565 4600 669 4657 attactu
695 4601 799 4673 querit
824 4617 935 4673 pronus

106 4689 294 4764 suffragium.
311 4691 436 4749 Necesse
449 4696 492 4748 est
507 4690 675 4746 submissus
696 4689 862 4747 humilitate
877 4709 934 4748 non

105 4777 140 4839 'ee
149 4781 217 4852 J'am
233 4780 332 4836 ovium
348 4780 558 4847 lsraelitarum,
575 4779 604 4834 id
620 4783 664 4835 est
679 4780 856 4835 mundarum
866 4798 936 4836 con-

104 4868 201 4927 sortio
216 4867 339 4943 dignum
351 4869 466 4941 J'udieet
480 4868 658 4937 animarum,
674 4869 724 4924 scd
749 4870 847 4940 potius
865 4870 935 4926 Cain

104 4958 354 5032 comparandum,
366 4961 395 5013 et
409 4956 577 5013 celestibus
599 4955 754 5030 indiguum
779 4958 937 5015 arbitretur

104 5061 175 5104 esse
190 5046 375 5117 muneribus,
387 5064 440 5103 nec
452 5051 550 5103 tamen
566 5047 749 5119 desperando
766 5063 783 5102 a
798 5048 936 5120 precandi

102 5134 245 5210 quiescat
259 5135 409 5192 instanlia.
423 5135 479 5193 Sed
495 5136 524 5192 in
538 5134 735 5191 dubiamente
745 5136 781 5191 de
791 5135 938 5211 largitoris

104 5221 222 5282 summi
237 5224 368 5282 bonitate
384 5225 522 5295 confidat,
538 5222 608 5298 quia
625 5223 675 5297 qui
691 5224 726 5280 de
740 5223 853 5282 latrone
868 5243 936 5282 con-

104 5310 264 5385 sessorem,
279 5313 315 5369 de
330 5319 514 5386 persecutore
532 5312 713 5386 Apostolum,
731 5313 766 5369 de
781 5314 936 5387 publicano

105 5399 338 5474 Evangelistam,
367 5403 403 5458 de
432 5400 580 5474 lapidibus
615 5400 711 5475 potuit
739 5402 832 5458 lacere
861 5403 937 5460 filios

107 5486 244 5560 abrahe,
260 5489 322 5563 ipse
337 5490 424 5548 etiam
439 5507 541 5548 canem
562 5490 853 5563 impudentissimum
868 5510 937 5550 con-

110 5578 400 5642 reueratoraetitam
424 5581 518 5658 possit
542 5580 572 5640 in
595 5596 688 5653 ovem,
704 5580 752 5641 oui
767 5583 870 5642 merito
886 5587 937 5645 do-

990 4624 1087 4682 regem
1119 4605 1281 4661 venientem
1310 4603 1416 4676 placat.
1442 4600 1574 4667 Pensatc,
1592 4599 1706 4667 tratres,
1723 4615 1813 4672 quam

989 4697 1149 4769 benignum
1166 4694 1213 4763 sit,
1231 4693 1308 4765 quod
1324 4692 1349 4748 is
1365 4689 1415 4764 qui
1431 4708 1484 4746 suo
1496 4691 1621 4746 adventu
1633 4687 1711 4745 valet
1719 4687 1815 4762 oppri-

990 4802 1068 4841 mere
1083 4784 1180 4840 tardat
1194 4782 1302 4838 venire.
1319 4780 1471 4836 Mittamus
1487 4779 1522 4834 ad
1539 4778 1664 4846 hunc,ut
1674 4777 1814 4846 diximus,

990 4873 1163 4947 legationem
1174 4877 1304 4928 nostram
1315 4867 1692 4936 ssendo,tribuendo,aacras
1703 4866 1814 4922 hostias

990 4962 1147 5020 atterendo.
1168 4959 1362 5033 Singularitcr
1390 4974 1516 5030 namque
1539 4957 1575 5012 ad
1600 4955 1814 5012 absolutionem

991 5048 1307 5108 nostramoblatiocum
1318 5045 1455 5120 lucrymis
1467 5051 1495 5100 et
1505 5044 1683 5117 benignitate
1694 5040 1812 5107 mentis,

992 5141 1067 5197 socri
1083 5139 1183 5196 altaris
1206 5137 1303 5194 hostia
1328 5136 1507 5210 suffragatur
1523 5151 1528 5189 :
1546 5133 1615 5205 quia
1630 5131 1656 5186 is
1671 5129 1721 5202 qui
1738 5129 1766 5183 in
1783 5144 1814 5184 se

992 5246 1148 5304 resurgens
1164 5246 1181 5284 a
1196 5226 1320 5283 mortuis
1335 5227 1399 5297 jam
1423 5241 1479 5279 non
1505 5221 1638 5288 moritur,
1653 5218 1748 5273 adhuc
1763 5233 1815 5289 per

992 5320 1067 5375 hanc
1082 5318 1111 5373 in
1127 5334 1180 5373 sno
1192 5315 1330 5390 mysterio
1341 5331 1392 5388 pro
1404 5311 1487 5368 nobis
1497 5309 1604 5365 iterum
1616 5305 1814 5379 patitur.Nam

992 5407 1106 5482 quoties
1121 5406 1146 5461 ei
1164 5404 1290 5461 hostiam
1306 5420 1365 5458 sure
1382 5398 1527 5474 passionis
1550 5395 1711 5462 offerimus,
1727 5392 1815 5450 toties

992 5496 1076 5554 nobis
1092 5495 1128 5551 ad
1151 5492 1367 5551 absolutionem
1391 5491 1521 5544 nostram
1543 5483 1709 5559 passionem
1734 5482 1814 5546 illius

993 5603 1173 5666 reparamus.
1190 5581 1307 5651 Multos,
1328 5580 1360 5636 ut
1384 5574 1518 5648 arbitror,
1542 5577 1683 5647 vestrum,
1710 5570 1815 5634 batres
