3824 6096
144 382 206 444 '307
614 388 806 451 Htttctlattl
830 389 1054 451 auhumists
1077 387 1384 452 ARClllllPlSCOPl.
1793 382 1855 447 308

148 525 188 575 cat
206 518 311 591 (licead.
328 537 357 586 n,
374 521 412 588 5).
430 542 443 569 »
469 522 543 593 Ergo
559 525 589 577 et
603 523 801 594 proceritates
826 527 854 578 et
871 522 974 577 subsc·
990 524 1017 590 Α
1030 522 1110 594 juste
1123 521 1256 589 vivendo,
1272 523 1349 578 undo
1373 519 1475 577 merito
1501 521 1661 578 creduntur
1676 537 1727 594 per
1737 511 1856 578 Domini

148 613 271 680 quantes
282 614 426 682 quotquot
436 609 888 683 solvanturpcrredemptionem
897 610 977 666 illius
1033 611 1208 684 sanguinem
1220 611 1256 666 ab
1268 610 1547 684 extremosupplicio
1559 609 1744 677 liberabimur
1755 615 1857 667 tamen

150 696 311 764 salvantur,
332 702 361 752 ct
380 699 430 770 qui
456 717 513 755 non
528 701 680 756 credentes
696 705 729 755 ut
744 701 928 756 redimantur
941 700 977 755 de
1032 698 1062 755 in
1079 699 1129 754 illa
1143 699 1203 755 vita
1218 704 1390 757 meruerunt
1408 701 1442 755 ad
1460 700 1628 773 paradisum
1644 699 1771 756 revocari
1789 715 1795 754 :
1813 699 1858 756 sic

153 785 345 858 subsequenti
358 787 465 859 populo
477 787 648 844 infidelitate
661 794 793 861 pereunt,
804 788 904 861 velqui
917 805 979 860 pra·
1033 792 1062 845 et
1076 805 1142 844 earo
1158 788 1278 861 peccati,
1293 789 1409 845 etiamsi
1432 789 1565 845 remissis
1580 788 1706 860 peccatis
1722 788 1810 844 homo
1826 788 1858 844 in

153 872 196 927 vis
208 874 339 930 moribus
350 881 379 931 et
390 876 500 948 iniquis
516 878 653 950 operibus
668 883 735 950 post
748 878 979 950 redemptionem
1033 877 1154 948 cajuste
1164 877 1277 943 vixerit,
1294 894 1351 932 non
1361 878 1500 933 continuo
1512 881 1641 932 meretur
1650 892 1714 932 eam
1726 881 1856 932 mortem

150 968 286 1032 pereunt,
296 981 349 1019 sua
362 963 534 1021 infidelitate
545 969 573 1020 ct
583 964 737 1037 iniquitate
748 971 882 1038 percunt.
895 966 941 1022 Sic
951 976 981 1026 et
1034 982 1092 1021 non
1104 966 1226 1037 perpeti,
1238 982 1327 1038 quam
1338 967 1425 1022 traxit
1435 966 1470 1021 de
1481 964 1638 1039 propagine
1648 965 1771 1038 peccati.
1788 965 1860 1021 Tale

149 1050 184 1105 de
197 1051 304 1123 populo
315 1053 403 1109 veteri
415 1053 588 1109 infidelitate
600 1057 628 1109 ct
640 1054 796 1126 iniquitate
811 1054 980 1128 quicunque
1034 1053 1146 1126 aliquid
1158 1054 1243 1110 nobis
1254 1055 1436 1110 insinuatum
1447 1058 1492 1110 est
1502 1056 1538 1110 de
1548 1053 1715 1127 patriarcha
1727 1054 1817 1110 David
1828 1054 1858 1109 in

149 1145 220 1195 sunt
237 1142 343 1213 perditi
358 1143 518 1213 perierunt,
535 1142 612 1198 sicut
627 1160 716 1199 sacrae
732 1145 911 1200 Testamenti
925 1144 979 1200 Ve·
1034 1141 1109 1198 libro
1120 1143 1296 1216 Regnorum.
1308 1143 1350 1197 Ad
1361 1159 1448 1215 quem
1458 1143 1678 1215 prophetaeum
1689 1143 1800 1200 missus
1816 1159 1859 1199 es

58 1254 62 1261 2
149 1229 224 1285 teris
238 1230 366 1304 pagina,
383 1231 484 1288 aCoiu
509 1232 630 1303 reprobo
654 1249 748 1304 usque
772 1233 808 1288 ad
823 1235 937 1289 Annam
951 1242 981 1293 et
1035 1236 1088 1299 set,
1101 1232 1185 1305 eique
1201 1237 1319 1305 propter
1334 1236 1486 1304 peccatum
1501 1232 1578 1304 quod
1592 1231 1762 1300 admiserat,
1773 1248 1859 1288 even·

149 1316 453 1389 Caipham,eridcnter
466 1321 672 1376 demonstrant
683 1337 690 1378 :
702 1325 731 1377 et
741 1322 910 1395 quicunque
920 1322 979 1379 sal·
1033 1323 1101 1376 tura
1116 1320 1194 1376 mala
1208 1336 1242 1376 ex
1256 1320 1407 1377 iracundia
1421 1321 1472 1377 Dei
1488 1321 1726 1388 comminaretur,
1742 1321 1860 1378 conses-

150 1406 208 1461 vati
233 1412 304 1462 sunt
328 1409 484 1464 credentes
507 1408 538 1464 in
561 1413 728 1478 venturum,
746 1411 822 1467 sicut
837 1416 865 1467 et
881 1429 935 1468 nos
950 1412 980 1467 in
1035 1409 1117 1465 sione
1133 1409 1243 1481 peccati
1258 1410 1372 1465 veniam
1389 1409 1702 1482 meruit,respondente
1716 1410 1862 1483 propheta

149 1510 219 1549 cum
243 1495 294 1567 qui
314 1497 379 1567 jam
402 1497 482 1552 venit
506 1497 665 1567 credimus,
682 1515 734 1571 per
749 1501 980 1573 redemptionem
1035 1499 1113 1570 quod
1125 1498 1149 1554 ei
1162 1497 1306 1570 llagitium
1318 1497 1491 1570 facinusque
1504 1497 1661 1554 remissum
1672 1497 1860 1566 sit,ettameu

149 1598 212 1653 quea
223 1584 308 1641 estin
320 1586 465 1659 sanguine
476 1586 570 1659 ipsius
581 1587 684 1644 salvati
700 1592 779 1655 sunt,
796 1589 872 1645 sicut
885 1595 913 1646 et
926 1605 980 1647 nos
1036 1592 1193 1644 consecuta
1202 1591 1272 1644 sunt
1286 1604 1351 1659 quae
1367 1587 1444 1644 Deus
1455 1585 1549 1643 iuerat
1559 1586 1808 1658 comminatus,ut
1819 1587 1861 1645 sic

149 1673 254 1729 eadem
280 1675 482 1747 redemptione
506 1674 663 1745 salvamur,
681 1682 709 1734 et
725 1669 827 1735 omncs
850 1677 981 1736 salvandi
1035 1675 1242 1733 humiliaretur
1257 1693 1274 1732 a
1289 1676 1357 1733 tilio.
1374 1679 1468 1742 Quare
1492 1681 1520 1731 et
1544 1675 1592 1732 hie
1618 1693 1676 1732 non
1700 1676 1819 1749 dicitur,
1835 1677 1861 1735 si

149 1759 212 1816 sinc
226 1760 316 1817 dubie
329 1763 534 1820 salvabuntur.
547 1764 668 1820 Undect
680 1765 981 1840 venerabilispresby·
1036 1767 1114 1823 Deus
1135 1771 1253 1839 propter
1275 1770 1426 1839 peccatum
1450 1765 1524 1820 illud
1542 1766 1636 1822 iuerat
1651 1766 1860 1836 comminatus,

148 1852 192 1904 ter
201 1850 280 1906 Beda
292 1851 322 1906 in
335 1852 458 1908 homilia
468 1853 610 1925 vigesima
621 1855 979 1929 quartaEvangcliidicit:
1037 1871 1090 1911 cur
1100 1853 1222 1911 dimisso
1233 1854 1705 1927 peccatoquoderatcomminatus
1717 1854 1860 1927 implevit,

152 1958 163 1987 ι
179 1944 283 1997 'Ferreae
298 1946 398 1996 aretem
408 1956 471 2013 qum
485 1942 738 2014 praecedebamus!
752 1945 982 2018 qrucsepuebuu-

149 2031 382 2100 arar-,ctumatam
398 2031 525 2086 dicentes
533 2047 539 2086 :
547 2035 663 2090 Osanna
673 2031 737 2102 filia
749 2034 845 2090 Dauid
855 2032 978 2099 (Merit.

148 2118 980 2191 xx1,9).Unacademqucconsessionisetlaudationisvoce

149 2207 308 2264 Danaidum
319 2208 367 2279 qui
380 2208 548 2279 praecedunt
558 2213 587 2264 et
596 2209 646 2282 qui
658 2214 821 2282 sequuntur
831 2209 976 2266 exultant:

149 2298 221 2370 quia
231 2315 292 2352 una
302 2297 444 2353 nimirum
458 2297 531 2353 tides
543 2302 587 2354 est
596 2299 762 2370 eorum‚qui
773 2304 840 2354 unte
850 2299 980 2354 incarna-

149 2385 978 2460 tionemDnminicometquiposteatuercproboti,quam-

148 2477 192 2533 vis
200 2481 384 2533 sacramenta
393 2476 551 2532 habuerint
562 2494 612 2550 pro
624 2481 788 2548 temporum
796 2476 907 2532 ratione
918 2475 977 2532 dis·

149 2566 242 2640 paria,
257 2567 341 2621 Petro
353 2569 521 2631 attestante,
533 2566 584 2638 qui
596 2565 637 2620 uit
648 2582 655 2620 :
666 2565 717 2621 Sed
730 2582 778 2638 per
792 2567 912 2636 praetium
927 2567 978 2623 Da·

150 2659 222 2714 mini
249 2658 326 2714 m
349 2657 412 2711 lesu
445 2654 581 2711 credimus
617 2655 722 2710 actuari
754 2654 978 2728 quemadmodum

1035 1943 1091 1999 nisi
1104 1944 1175 2015 quia
1185 1943 1347 2000 rectissime
1362 1943 1405 1999 sic
1417 1942 1528 1999 dietum
1543 1942 1653 1999 luent?
1664 1943 1861 2016 Respondebi-

1034 2036 1083 2088 tur
1098 2032 1301 2089 remissionem
1318 2032 1398 2087 illam
1424 2031 1533 2104 peccati
1555 2032 1673 2098 iactam,
1688 2049 1724 2089 ne
1739 2031 1830 2089 homo
1845 2047 1862 2089 a

1036 2120 1220 2194 percipienda
1235 2120 1293 2176 vita
1313 2119 1506 2192 impediretur
1529 2126 1646 2177 aeterna.
1661 2120 1861 2177 Subseeutum

1033 2226 1100 2265 uero
1116 2208 1196 2265 illius
1211 2208 1447 2265 comminationis
1460 2208 1644 2278 effectummt
1659 2209 1752 2283 pietas
1769 2209 1862 2267 homi·

1034 2297 1080 2354 nis
1090 2297 1119 2353 in
1130 2298 1180 2353 illo
1196 2298 1363 2353 humilitate
1377 2302 1559 2355 exerceretur
1573 2302 1661 2371 atquc
1675 2299 1860 2370 probaretur.

1033 2386 1080 2443 Sic
1096 2391 1124 2444 et
1139 2390 1262 2444 mortem
1283 2386 1423 2460 eorporis,
1439 2391 1469 2444 et
1481 2392 1599 2460 propter
1613 2392 1767 2460 peccatum
1782 2387 1862 2445 Deus

1033 2474 1146 2531 homini
1165 2475 1282 2542 inllixit,
1299 2480 1327 2531 et
1352 2481 1417 2548 post
1440 2477 1627 2548 peccatorum
1653 2476 1861 2534 remissionem

1032 2568 1149 2635 propter
1163 2565 1353 2620 exercendam
1364 2563 1513 2635 justitiam
1529 2581 1588 2621 non
1603 2564 1721 2622 ademit.
1740 2587 1756 2616 »

1068 2654 1145 2710 m
1166 2653 1200 2708 Et
1223 2653 1292 2708 hinc
1318 2658 1438 2710 sanctus
1462 2652 1620 2726 Gregorius
1636 2654 1666 2709 in
1682 2653 1808 2727 epistola
1822 2657 1860 2713 ad

149 2753 176 2804 et
193 2747 239 2802 illi
261 2745 331 2814 (Act.
349 2762 394 2813 xv,
413 2745 468 2813 11).
487 2767 502 2793 »
526 2745 561 2798 Et
584 2748 704 2799 sanctus
729 2744 923 2816 Hieronymus
946 2743 976 2799 in
1031 2739 1187 2813 Eulogium
1201 2740 1441 2808 Alexandrinum,
1458 2742 1536 2798 etad
1553 2741 1739 2798 Anastasium
1761 2745 1862 2802 Antio·

149 2837 320 2893 Commenta
337 2833 472 2906 Epistola
484 2832 565 2888 Pauli
577 2833 613 2888 ad
624 2831 741 2888 Galatas
754 2850 760 2888 :
782 2856 796 2883 u
809 2832 905 2889 llaeres
922 2833 977 2889 iste
1030 2830 1157 2886 ahenum
1168 2829 1320 2903 episcopos
1332 2831 1391 2902 (lib.
1403 2848 1441 2901 vr,
1456 2831 1534 2903 epist.
1546 2831 1591 2899 31)
1604 2847 1611 2886 ι
1628 2853 1642 2880 «
1654 2832 1732 2898 Adae,
1749 2831 1858 2905 inquit,

149 2924 350 3000 parvulus,qui
367 2921 439 2978 nihil
454 2922 677 2978 differtascrvo
693 2937 760 2977 cum
778 2921 818 2977 sit
833 2921 976 2977 Dominus
1030 2917 1159 2974 animam
1176 2923 1323 2975 mortuam
1339 2919 1368 2975 in
1385 2925 1503 2992 peceato
1526 2919 1661 2988 dicimus,
1679 2922 1861 2979 nonasuh·
1894 2955 1897 2962 ·

149 3015 292 3082 omnium,
314 3014 363 3069 sed
382 3012 437 3068 suh
451 3011 600 3067 tutoribus
615 3015 643 3065 et
660 3008 808 3066 actoribus
823 3012 976 3081 estusque
1030 3007 1138 3064 stantia
1152 3008 1277 3074 vivendi,
1294 3010 1344 3064 sed
1360 3026 1377 3064 a
1392 3009 1531 3080 qualitate
1544 3008 1669 3065 vivendi.
1686 3010 1762 3075 Quia
1778 3011 1860 3068 enim

148 3096 185 3161 ad
202 3103 378 3177 praefinitum
403 3107 520 3172 tempus
545 3118 562 3155 a
583 3105 675 3171 patre,
693 3102 787 3154 totum
811 3099 975 3153 humanum
1030 3095 1109 3152 aliud
1125 3101 1170 3153 est
1184 3097 1350 3153 substantia
1373 3102 1460 3171 atquc
1483 3098 1562 3153 aliud
1584 3097 1721 3170 qualitas,
1738 3115 1798 3155 non
1813 3102 1861 3156 est

149 3210 243 3267 genus
258 3208 352 3263 usquc
370 3190 406 3245 ad
432 3189 589 3245 adventum
609 3187 728 3264 Christi,
745 3191 782 3256 ct,
800 3191 832 3242 ut
848 3185 974 3259 amplius

1032 3184 1131 3240 anima
1146 3185 1187 3241 ita
1203 3190 1318 3242 mortua
1342 3190 1374 3242 ut
1398 3203 1455 3242 non
1471 3191 1558 3252 esset,
1570 3187 1620 3244 sed
1636 3187 1678 3242 ita
1692 3192 1811 3244 mortuo
1827 3191 1862 3245 ut

149 3282 355 3350 dicamusque
364 3279 399 3333 ad
410 3278 512 3332 mundi
525 3276 808 3333 consummationem
820 3276 976 3350 significat.
994 3260 1016 3329 G
1035 3275 1121 3331 beata
1130 3292 1188 3331 non
1199 3278 1276 3331 esset
1287 3291 1294 3331 :
1306 3276 1357 3348 qui
1381 3280 1478 3332 tamen
1493 3276 1586 3332 Adam
1602 3277 1792 3348 postmodum
1807 3294 1861 3350 per

151 3369 300 3437 Quomodo
312 3367 390 3423 enim
402 3383 504 3422 omnes
513 3365 542 3420 in
554 3363 733 3437 protoplasto
745 3364 837 3420 Adam
849 3365 973 3421 necdum

151 3458 211 3514 nuti
223 3455 400 3524 moriuntur,
414 3455 454 3509 ita
464 3471 566 3509 omnes
581 3453 668 3508 ctiam
679 3452 730 3524 qui
741 3456 808 3508 ante
817 3453 973 3508 adventum

150 3546 259 3603 Christi
283 3545 344 3600 nati
371 3545 449 3610 sunt,
467 3541 640 3597 insecundo
663 3542 755 3596 Adam
780 3541 972 3597 vivificantur.

149 3639 244 3708 Atque
261 3636 301 3690 ita
316 3635 360 3700 fit,
374 3637 406 3687 ut
420 3649 473 3687 nos
499 3630 554 3702 legi
580 3630 766 3686 servierimus
782 3630 810 3684 in
829 3631 972 3702 patribus,

150 3724 232 3782 ctilli
251 3722 345 3797 gratia
364 3721 512 3777 salventur
532 3719 560 3772 in
580 3718 658 3774 filiis.
672 3719 729 3774 lste
744 3718 909 3775 intellectus
923 3721 973 3775 Ec·

1029 3363 1231 3435 paenitentiam
1248 3365 1283 3420 ud
1299 3365 1388 3420 vitum
1402 3365 1498 3421 rediit.
1516 3387 1530 3414 υ
1545 3365 1581 3420 st
1596 3369 1717 3421 sanctus
1731 3365 1859 3422 Ambro-

1029 3451 1091 3508 sius
1115 3452 1145 3507 in
1170 3453 1245 3508 libro
1269 3454 1304 3509 de
1331 3453 1638 3526 l‘aradiso(cap.10):
1665 3476 1679 3503 «
1696 3453 1806 3509 Verum
1833 3453 1859 3511 si

1028 3540 1206 3610 consideres
1220 3543 1288 3613 quia
1299 3542 1356 3597 Deo
1368 3541 1567 3599 universitatis
1578 3545 1621 3599 est
1631 3558 1712 3610 cura,
1724 3541 1859 3598 invenies

1027 3630 1094 3702 plus
1111 3630 1223 3702 placere
1235 3630 1358 3686 Domino
1370 3631 1506 3688 debuisse
1521 3631 1550 3687 id
1563 3631 1592 3687 in
1605 3647 1662 3703 quo
1673 3635 1752 3688 esset
1767 3647 1859 3688 eausa

1027 3719 1238 3785 universitatis,
1248 3736 1337 3791 quam
1352 3720 1608 3776 condemnandum
1624 3719 1715 3775 luisse
1729 3718 1816 3787 illud,
1826 3719 1857 3775 in

150 3813 245 3870 clesiae
270 3809 419 3867 catholicin
445 3807 588 3874 convenit,
605 3824 669 3878 quae
688 3812 717 3862 et
731 3807 843 3863 Veteris
858 3811 887 3863 et
903 3809 973 3864 Novi
1027 3824 1084 3880 quo
1101 3811 1176 3864 esset
1197 3824 1285 3863 causa
1311 3809 1431 3879 peccati.
1454 3810 1488 3864 itt
1503 3807 1567 3864 ideo
1583 3808 1653 3881 quia
1665 3824 1700 3864 ex
1713 3807 1777 3865 viro
1793 3806 1857 3865 solo

150 3900 326 3959 Testamenti
338 3915 427 3953 unam
443 3896 547 3952 asserit
563 3896 786 3968 providentiam,
799 3914 851 3952 nce
867 3898 972 3953 distin·
1027 3914 1085 3952 non
1101 3901 1215 3968 poterat
1238 3897 1358 3953 humani
1380 3913 1444 3953 csse
1459 3896 1574 3970 generis
1590 3897 1772 3970 propagatio,
1789 3913 1857 3969 pro·

150 3991 214 4066 girit
228 3989 258 4044 in
274 3994 404 4061 tempore
420 4003 493 4058 quos
508 3985 635 4040 conditio
650 3985 778 4041 sociavit.
799 4008 812 4034 »
1028 3984 1679 4043 nuntiavitDominusnonessebonumsolum
1691 3985 1855 4043 hominem.

186 4080 232 4137 Sic
256 4083 284 4134 et
307 4081 428 4134 sanctus
451 4074 634 4147 Augustinus
658 4076 693 4129 ad
719 4074 920 4132 Marcellinum
942 4077 972 4132 io
1027 4074 1130 4130 Maluit
1145 4075 1223 4130 cnim
1237 4075 1313 4130 Deus
1330 4074 1428 4147 plures
1450 4091 1524 4142 esse,
1541 4074 1615 4147 quos
1639 4073 1735 4131 salvos
1759 4076 1857 4133 lacere

148 4170 224 4226 libro
235 4166 363 4224 secundo
375 4166 409 4220 dc
421 4163 758 4235 liaptismo(eap.34),de
773 4165 973 4237 redemptione
1027 4166 1136 4234 posset,
1152 4167 1181 4218 et
1195 4163 1303 4234 quibus
1323 4164 1446 4218 donaret
1470 4167 1632 4235 peccatum,
1649 4178 1738 4235 quam
1760 4180 1855 4219 uuum

149 4259 312 4332 primorum
332 4255 498 4318 hominum,
515 4258 636 4324 quaest
650 4251 679 4306 in
696 4252 838 4324 sanguine
853 4253 971 4322 Christi,
1027 4250 1123 4306 solum
1140 4251 1231 4305 Adam
1257 4252 1307 4322 qui
1328 4250 1402 4306 liber
1423 4256 1499 4307 esset
1524 4250 1619 4324 eulpa.
1637 4248 1770 4323 Denique
1786 4251 1857 4325 quia

149 4343 500 4403 itadicit:«hliraud11m
521 4358 578 4397 non
599 4345 653 4406 est,
665 4345 693 4396 et
707 4345 829 4396 mortem
844 4342 973 4414 corporis
1027 4339 1104 4394 idem
1129 4338 1284 4410 utriusque
1308 4343 1410 4394 uuetor
1433 4342 1478 4395 est
1502 4339 1608 4411 operis,
1624 4338 1704 4394 venit
1727 4338 1759 4394 iu
1775 4339 1856 4395 hunc

149 4455 207 4492 non
221 4434 310 4490 luisse
324 4437 477 4487 venturam
492 4430 615 4497 homini,
629 4429 683 4485 nisi
701 4430 896 4501 praecessisset
911 4447 975 4503 pec·
1027 4428 1172 4482 muudum
1184 4431 1216 4481 ut
1227 4426 1321 4482 salvos
1332 4429 1438 4483 iaceret
1449 4432 1625 4500 peccatores.
1639 4426 1791 4484 Postremo
1801 4444 1856 4484 uec

149 4528 260 4590 catum,
275 4522 360 4592 eujus
381 4519 468 4575 etiam
495 4518 562 4574 talis
586 4534 671 4590 poenu
692 4523 927 4589 consequeretur,
945 4525 974 4575 et
1028 4515 1096 4571 Cain
1113 4515 1260 4587 parricidii
1285 4532 1377 4583 reum,
1394 4515 1566 4588 priusquam
1592 4520 1744 4588 generaret
1766 4516 1854 4585 filios,

150 4606 972 4684 postremissionempeccatorum,eamfidelibusevenirc,
989 4621 1012 4687 D
1028 4621 1133 4676 passus
1163 4609 1207 4660 est
1234 4603 1362 4658 interire.
1388 4604 1463 4676 Ergo
1488 4607 1606 4676 propter
1633 4604 1855 4675 generationem

149 4702 182 4753 ut
197 4697 225 4750 in
249 4696 313 4767 ejus
337 4695 440 4749 timore
467 4693 607 4748 vincendo
636 4700 803 4749 exerceatur
831 4695 971 4752 tortitudo
1026 4692 1221 4748 successionis
1236 4692 1371 4747 humanae
1387 4692 1489 4748 debuit
1504 4691 1610 4747 mulier
1623 4691 1711 4763 adjici
1726 4691 1856 4750 viro.De·

144 4784 278 4858 justitia.
296 4783 368 4839 Caro
392 4783 471 4838 enim
487 4799 550 4854 quae
565 4781 659 4853 primo
675 4783 751 4838 laeta
766 4788 819 4852 cst,
836 4800 892 4839 non
910 4789 972 4839 erat
1026 4780 1114 4853 nique
1140 4781 1195 4836 hoc
1218 4780 1282 4853 ipsa
1303 4781 1391 4836 verba
1407 4780 1558 4837 declarant
1573 4779 1698 4835 dicentis
1713 4780 1777 4850 hei,
1794 4798 1854 4837 non

147 4891 214 4931 caro
235 4872 356 4945 peccati,
373 4871 402 4925 in
427 4888 485 4943 qua
509 4870 603 4925 noluit
631 4870 719 4926 homo
748 4871 824 4926 inter
852 4872 970 4929 delicias
1025 4868 1135 4924 bonum
1147 4868 1241 4924 solum
1255 4869 1402 4929 bominem
1416 4870 1568 4925 esse.Nam
1579 4869 1642 4926 etsi
1653 4867 1762 4924 mulier
1773 4870 1856 4942 prior

118 4961 276 5036 ‘paradisi
301 4977 415 5017 serrare
434 4959 595 5031 justitiam.
613 4958 695 5015 Unde
714 4960 819 5015 statuit
833 4960 920 5027 Deus,
939 4965 971 5016 ut
1025 4962 1160 5029 peccator
1174 4963 1245 5026 erat,
1262 4963 1360 5014 tamen
1385 4957 1615 5030 redemptionem
1639 4956 1695 5013 sibi
1719 4958 1856 5029 paritura

148 5055 215 5125 port
239 5051 302 5122 ejus
332 5054 483 5122 peecatum
512 5051 674 5119 propagata
700 5064 767 5102 caro
796 5049 969 5119 peccati‚ad
1025 5062 1083 5100 non
1103 5045 1205 5101 debuit
1227 5046 1264 5101 ab
1289 5064 1344 5102 usu
1373 5045 1477 5101 divinae
1512 5043 1690 5118 operationis
1722 5044 1854 5102 excludi.

148 5140 344 5213 recipiendam
351 5139 500 5210 justitiam
512 5136 661 5191 laboribus
671 5140 700 5191 et
715 5136 857 5192 molestiis
868 5138 972 5193 nitere·
1025 5135 1163 5198 Quamvis
1174 5135 1252 5189 enim
1269 5136 1361 5190 Adam
1377 5151 1434 5190 non
1449 5139 1495 5190 est
1509 5134 1660 5200 seductus,
1678 5131 1788 5190 mulier
1800 5152 1855 5191 au-

147 5230 205 5283 tur.
224 5227 343 5298 Propter
354 5226 409 5281 hoc
419 5225 507 5280 etiam
519 5223 554 5277 de
566 5222 702 5294 paradiso
712 5223 852 5280 dimissus
867 5225 968 5294 Adam,
1024 5222 1529 5294 temseductaetinpraevaricatione
1540 5220 1637 5291 suerit,
1649 5220 1853 5291 salvatamen,

148 5319 249 5372 contra
265 5317 342 5371 Edon
361 5313 513 5378 habitavit,
524 5313 553 5366 id
567 5315 610 5367 est
625 5316 726 5367 contra
739 5313 838 5367 sedem
853 5313 970 5369 delicia·
1024 5309 1129 5382 inquit,
1146 5311 1200 5378 erit
1216 5329 1266 5383 per
1290 5312 1417 5367 filiorum
1442 5310 1672 5383 generationem,
1685 5310 1764 5365 inter
1777 5326 1855 5382 quos

148 5420 214 5458 rum
232 5420 238 5457 :
255 5407 288 5456 nt
304 5405 482 5475 significaret
507 5401 584 5472 qnod
612 5400 639 5454 in
658 5399 816 5469 laboribus,
835 5402 883 5472 qui
901 5407 971 5459 sunt
1024 5400 1173 5472 generavit
1188 5403 1215 5454 et
1230 5399 1390 5455 Christum.
1409 5422 1422 5448 u
1439 5400 1474 5454 Et
1487 5404 1608 5454 sauctus
1620 5397 1807 5469 Augustinus
1823 5399 1854 5454 in

148 5488 414 5558 deliciiscontrarii‚
427 5489 588 5546 erudienda
602 5493 679 5543 esset
693 5505 759 5543 caro
776 5489 969 5562 peccatique
1024 5489 1142 5560 pratulo
1166 5488 1239 5543 libro
1264 5488 1299 5542 ad
1325 5488 1527 5544 Marcellinum
1553 5488 1634 5560 (libro
1655 5503 1684 5554 u,
1701 5502 1763 5558 cup.
1780 5489 1828 5556 25)
1845 5505 1853 5544 :

148 5575 178 5629 in
190 5576 506 5635 deliciisobedientiam
518 5595 575 5633 non
587 5577 708 5633 servavit
719 5580 876 5648 antequam
892 5584 970 5636 esset
1024 5601 1037 5627 (ι
1055 5576 1133 5633 Talis
1166 5574 1302 5648 populus,
1329 5582 1361 5631 ut
1384 5576 1514 5649 predixi,
1539 5575 1673 5632 eruditus
1705 5574 1734 5629 in
1760 5591 1854 5650 regno

148 5677 215 5718 caro
231 5667 351 5736 peccati.
368 5666 451 5722 Sicut
475 5682 542 5739 ergo
558 5664 600 5721 llli
617 5664 703 5737 primi
720 5664 855 5722 homines
869 5671 970 5738 postea
1024 5664 1162 5721 coelorum
1174 5665 1497 5737 perduo'l'cstamenta,
1509 5664 1599 5721 Vetus
1610 5668 1639 5720 et
1653 5663 1779 5732 Novum,
1792 5680 1853 5722 non
