3810 6098
54 294 118 375 su

416 308 468 370 uu
488 307 871 370 PilAEDllSTlNd'llONll
889 286 1154 370 dissuasorio
1178 309 1407 371 POS'l'lllthit.

1709 309 1768 373 tit

50 441 429 516 autemjuruvitquianon
441 441 591 497 intrantia
603 441 732 513 requiem
744 442 819 513 ejus,
831 437 888 495 nisi
901 437 929 505 Α
944 438 1081 508 stiterint,
1098 446 1168 496 tune
1186 441 1248 512 jam
1265 441 1399 497 convenit
1414 441 1572 514 inerepare,
1590 459 1626 501 ue
1652 443 1676 500 si
1701 428 1769 503 autb

49 531 257 593 infidelibus?
271 535 300 588 et
314 532 448 587 videmus
465 529 534 602 quia
555 547 612 585 non
628 534 762 602 poteraut
781 530 889 584 intrare

47 638 105 699 per
116 620 358 678 infidelitatem.»
368 621 404 676 m
414 619 500 693 paulo
512 623 577 690 post
590 636 613 673 :u
627 620 755 684 Quorum
767 618 888 673 obdura·

46 716 157 768 terum
173 709 358 766 mentionem
374 708 452 776 lacit,
469 724 566 762 nonne
577 707 789 762 Jrrdaorumln
807 705 888 771 Quod

45 803 157 858 antem
174 797 258 863 dicit,
271 797 327 854 tale
342 800 387 854 est
398 814 421 851 :u
433 796 597 851 audierunt
614 800 642 850 et
662 794 713 861 illi,
726 795 834 867 iuquit,
847 795 889 850 si-

44 892 100 946 ent
117 892 155 943 nt
170 890 267 944 etuas
278 885 455 950 audivimus
467 884 517 940 sed
532 883 604 938 nihil
621 883 731 955 profuit
747 883 814 938 illis.
827 886 888 939 Nou

45 994 124 1052 ergo
140 976 257 1050 putetis
273 975 343 1048 quia
357 991 391 1030 ex
411 974 512 1029 auditu
537 977 652 1027 tantum
676 973 890 1044 praelicationis

58 1064 215 1132 uvamini,
228 1063 299 1137 quia
314 1067 343 1119 et
358 1062 400 1117 illi
417 1062 582 1129 aucliorunt,
598 1062 648 1117 sed
664 1061 736 1115 nihil
754 1061 890 1119 utilitatis

88 1152 346 1226 bnere,quoniam
359 1168 417 1207 nou
429 1151 624 1206 erediderunt.
634 1149 741 1223 Caleph
753 1154 851 1207 autem
862 1156 891 1206 et

45 1234 891 1315 &esusquianonconsenseruntinfidelibus,ellugeruut

47 1344 179 1408 paenam
189 1328 324 1404 quasillis
334 1327 415 1384 illata
426 1331 478 1383 cst.
491 1328 526 1382 Et
541 1327 651 1399 inspice
666 1345 754 1399 quum
771 1328 890 1383 uriralii-

46 1421 134 1480 liter.
144 1420 215 1477 Non
230 1418 305 1474 dixit
319 1434 378 1473 non
393 1421 614 1479 consenserunt,
628 1417 677 1472 sed
692 1434 748 1471 non
762 1421 889 1472 coutem-

45 1508 152 1586 penu
163 1506 310 1574 sunt‚hoa
322 1509 367 1561 est
382 1505 445 1560 sine
456 1503 599 1560 seditione
609 1505 821 1572 dissenserunt,
833 1505 892 1561 illis

46 1596 204 1657 ‘omnibus
219 1611 309 1651 unam
325 1597 413 1666 atque
424 1593 558 1647 eamdem
574 1593 748 1647 seutentiam
760 1592 891 1648 habenti-

44 1682 146 1744 bus.»
158 1684 201 1742 ut
215 1683 286 1740 item
298 1699 305 1738 z
319 1682 351 1737 ln
365 1681 410 1737 die
424 1697 476 1754 qua
492 1680 659 1752 apprehendi
672 1693 784 1737 inertum
798 1699 891 1737 cerum

942 529 1069 584 volueris
1084 548 1216 602 arguere,
1227 531 1424 602 impudendos
1439 536 1468 586 et
1484 537 1631 603 protervos
1645 533 1766 592 elllcias.

944 618 1026 674 Sicut
1042 620 1129 673 etiam
1147 620 1260 692 Moyses
1277 620 1343 674 lecit
1358 619 1612 677 circadambrium
1628 627 1657 678 et
1670 623 1769 681 (lusbi-

944 707 1044 762 tidem.
1057 710 1233 776 Paulianae,
1250 708 1355 780 iuquit,
1370 709 1458 764 lerunt
1473 725 1527 764 riou
1543 712 1655 766 terrente.
1672 711 1769 771 Potest
1806 776 1808 780 ,

943 801 972 853 ct
988 797 1073 853 aliter
1087 798 1221 871 intelligi,
1234 799 1304 869 quia
1320 802 1470 869 percnum
1488 798 1657 870 paenitentia
1672 802 1769 871 maius

944 886 1072 941 admisit.
1085 888 1161 942 Sunt
1176 887 1254 942 euim
1273 895 1392 959 peccata
1412 888 1612 959 peonitentiam
1629 906 1768 962 superna·

943 974 985 1030 tia
998 992 1003 1028 :
1016 975 1103 1030 veluti
1120 976 1143 1030 si
1160 975 1269 1031 diceret
1280 993 1286 1030 :
1299 977 1361 1031 Non
1374 978 1513 1031 curamus
1530 977 1558 1031 in
1574 977 1769 1038 insanabilem

945 1064 1071 1119 ruinam.
1083 1064 1159 1118 Dum
1176 1064 1253 1119 euim
1266 1064 1411 1119 claudicat
1420 1065 1565 1138 quisquis,
1578 1065 1662 1123 laoile
1675 1070 1771 1140 potest

945 1156 1042 1208 rectus
1054 1152 1097 1215 vel
1113 1171 1202 1207 sanus
1219 1153 1293 1208 ellici
1307 1170 1313 1207 τ
1327 1154 1350 1208 si
1362 1171 1429 1208 vero
1444 1154 1560 1226 perdtus
1571 1156 1768 1228 subvertatur,

945 1242 1016 1313 quid
1028 1241 1172 1296 ulterius?
1185 1242 1307 1297 Proinde
1319 1243 1443 1298 necdum
1455 1243 1545 1316 lapsis
1556 1245 1617 1301 hue
1627 1245 1768 1319 loquitur,

945 1334 978 1385 ut
992 1348 1040 1385 cos
1056 1331 1159 1385 timore
1170 1331 1354 1402 deprimeret.
1366 1332 1462 1387 Velini
1475 1334 1499 1388 si
1510 1333 1629 1405 diceret,
1639 1335 1708 1410 quia
1718 1337 1771 1412 qui

945 1420 1050 1475 eccidit
1060 1419 1171 1474 nullam
1184 1419 1411 1475 consulationem
1424 1424 1527 1478 urereri
1536 1425 1599 1496 jam
1611 1425 1726 1497 poterit.
1735 1426 1771 1484 nt

944 1509 992 1564 hic
1008 1509 1126 1580 quidem
1144 1509 1215 1564 isles
1231 1527 1266 1564 ne
1282 1510 1418 1564 cuderunt
1433 1510 1517 1566 aliter
1532 1513 1709 1571 admonebat
1720 1533 1726 1571 :
1739 1514 1769 1572 in

946 1597 1002 1652 olio
1017 1614 1083 1652 voro
1100 1597 1161 1652 loeo
1178 1598 1226 1652 ubi
1245 1599 1304 1668 iam
1321 1597 1426 1669 eisqui
1444 1598 1612 1656 cediderunt
1628 1600 1769 1674 loquitur,

946 1702 982 1740 ne
1004 1684 1033 1740 in
1058 1685 1291 1757 desperationem
1316 1687 1491 1753 deciderent,
1509 1688 1654 1744 contraria
1675 1689 1769 1749 dicit:

45 1783 83 1833 'ut
96 1774 250 1832 educam
263 1787 307 1828 ees
321 1771 353 1827 de
375 1778 448 1826 terro
462 1771 580 1841 AEqppti,
591 1778 617 1825 ct
639 1772 693 1841 ipsi
711 1787 766 1826 nen
784 1788 891 1826 ariniara·
908 1787 931 1867 B
947 1775 1041 1830 l'r'tr'eli
1052 1776 1118 1839 mei,
1135 1773 1241 1846 inquit,
1258 1791 1323 1846 qrres
1339 1777 1438 1829 iteruin
1451 1777 1576 1846 perunte
1590 1777 1673 1834 <merce
1687 1782 1774 1853 refer·

43 1864 348 1923 rimtintettameate
370 1867 541 1929 meaetcpe
562 1858 736 1928 rreqtexteea,
753 1859 821 1914 elicit
842 1861 893 1914 Do·
948 1871 1037 1920 nectar
1056 1864 1179 1920 creares
1210 1865 1239 1916 in
1269 1862 1342 1918 aetia
1359 1857 1429 1933 (Cat.
1446 1881 1485 1933 iv,
1503 1863 1556 1936 ro).
1569 1865 1681 1931 Quibus
1704 1868 1776 1925 alibi

45 1956 155 2012 minua
171 1950 243 2021 (ter.
254 1965 330 2016 xxxa,
346 1947 402 2020 32).
412 1972 426 1998 «
444 1948 559 2003 Intuere
574 1964 590 2003 a
605 1947 689 2002 nobis
705 1948 833 2019 primum
851 1949 893 2002 ia·
950 1953 1083 2009 dicebat:
1101 1953 1152 2020 Qut
1177 1953 1204 2006 iu
1222 1951 1277 2021 leqe
1286 1952 1482 2022 J'eatifiarnu'ui
1495 1969 1511 2006 u
1525 1955 1614 2022 qratia
1637 1955 1777 2023 caritatis

46 2043 160 2117 cipere
175 2037 269 2096 mala.
281 2038 352 2110 Ipsi,
367 2036 473 2109 inquit,
486 2034 573 2109 primi
589 2052 646 2090 nen
662 2041 843 2092 manserunt.
855 2038 896 2092 lla
951 2041 1020 2113 (aar.
1033 2059 1060 2106 v,
1078 2041 1115 2112 l).
1132 2041 1204 2095 Eece
1229 2040 1290 2110 ipse
1308 2043 1431 2094 testatur
1446 2040 1515 2112 quia
1537 2039 1712 2098 ceciderant.
1723 2042 1777 2111 Qui

45 2130 150 2189 nobis
166 2133 216 2186 est
231 2125 418 2200 negligentia.
432 2147 446 2174 ι)
951 2147 1019 2202 ergo
1034 2132 1092 2185 stat
1102 2133 1130 2183 ct
1140 2128 1375 2197 audit,quoniem
1387 2127 1438 2200 qui
1449 2128 1709 2186 eeeirleritveniam
1721 2149 1779 2189 uon

95 2220 136 2277 st
161 2218 238 2274 itam
255 2233 263 2272 τ
280 2215 439 2272 Prudentia
467 2218 564 2269 autem
581 2213 678 2268 carnis
708 2214 826 2269 inimica
854 2218 898 2270 est
951 2219 1027 2274 velet
1044 2220 1211 2290 impetrare,
1227 2215 1353 2271 validius
1369 2217 1459 2271 stabit
1479 2220 1508 2271 et
1527 2216 1652 2274 cautius.
1668 2217 1699 2274 Si
1713 2236 1780 2277 vero

52 2306 92 2367 in
114 2306 228 2375 Deum,
246 2303 304 2377 legi
327 2308 425 2359 autem
455 2303 505 2359 Dei
532 2320 590 2357 non
620 2302 786 2373 subjicitur,
804 2319 898 2375 neque
954 2304 1781 2378 oteireaeumquiccciditsimilivoluerisvehementia‚

53 2400 205 2472 potest«
222 2393 298 2461 Quid
321 2409 400 2466 erge,
415 2391 520 2464 iuquit,
538 2409 594 2446 nou
619 2392 672 2447 hoo
697 2397 741 2447 est
765 2391 899 2447 crimen?
954 2398 988 2452 ad
1006 2397 1035 2450 id
1047 2394 1189 2467 redigitur
1200 2399 1232 2449 ut
1245 2411 1397 2465 nunquam
1415 2394 1505 2466 possit
1521 2411 1684 2468 assurgere.
1697 2392 1781 2464 Quali

55 2486 100 2543 nt
114 2483 205 2541 valde
229 2482 349 2555 quidem
373 2480 483 2537 crimen
498 2485 551 2536 est.
569 2480 663 2535 titulus
687 2480 764 2536 enim
792 2498 898 2552 usque·
954 2485 1031 2540 euim
1048 2501 1098 2556 spe
1110 2482 1328 2538 conversionem
1340 2481 1382 2535 rel
1402 2481 1503 2553 [prades
1516 2483 1628 2540 lruetus
1639 2481 1782 2558 suscipit?

58 2591 126 2650 quo
142 2577 191 2629 est
206 2569 305 2626 malus
320 2586 377 2626 aon
400 2568 556 2640 subjicitur
574 2569 704 2639 quidem,
724 2569 831 2623 nurtari
849 2587 899 2624 au-
954 2574 1017 2630 Non
1030 2572 1136 2639 selum,
1148 2571 1255 2642 inquit,
1268 2570 1412 2642 lacrymas
1425 2570 1508 2636 ludit,
1521 2572 1571 2627 sed
1583 2572 1672 2628 etiam
1684 2570 1782 2647 exqui-

54 2667 129 2722 {em
143 2666 176 2719 et
190 2659 255 2717 fieri
272 2660 368 2715 benus
390 2662 496 2731 potest.
512 2658 693 2729 dejiciamus
708 2659 798 2731 igitur
813 2659 901 2715 intel·
955 2662 1031 2717 sirit.
1048 2662 1083 2716 lit
1104 2660 1220 2714 videtur
1239 2658 1357 2731 quidem
1378 2659 1530 2715 excludere
1553 2660 1780 2733 paenitentiam:

59 2750 213 2826 ligantias
227 2745 371 2805 carnales.
383 2748 450 2812 Qua
466 2749 535 2801 suut
549 2750 647 2801 aretem
663 2746 811 2802 earnalia?
827 2765 902 2820 quae·
956 2751 1007 2807 sed
1022 2749 1166 2805 cautiores
1181 2764 1231 2802 ees
1242 2752 1270 2802 et
1286 2747 1499 2803 muneratiores
1515 2749 1668 2817 redditae
1684 2750 1782 2807 leran-

66 2856 191 2914 aunque
207 2853 315 2910 eorpus
331 2836 433 2892 llorere
448 2834 568 2901 faciunt,
585 2839 613 2891 et
628 2835 781 2903 luxuriari,
798 2835 903 2891 vitiant
957 2845 1005 2895 tur
1019 2855 1071 2910 pro
1086 2837 1223 2890 omuibus
1243 2835 1279 2889 ad
1306 2834 1431 2889 urinum.
1444 2836 1668 2910 eraatieunque
1692 2837 1783 2912 igitur

63 2928 170 2988 autum
187 2926 350 2984 animam.»
364 2924 479 2980 Ponant
491 2929 588 2980 autem
600 2924 720 2997 quidam
736 2924 902 2997 exemplum
957 2945 1014 2983 aon
1032 2926 1155 2982 credunt
1169 2923 1416 2994 essegelienuaru,
1434 2923 1494 2977 liae
1511 2925 1539 2978 in
1557 2931 1685 2981 mentem
1701 2940 1782 2984 revo-

62 3015 205 3092 Apostoli
220 3015 345 3071 diaentis
365 3014 401 3068 do
420 3014 496 3068 Esau
514 3030 519 3068 :
536 3014 594 3068 Noa
608 3015 682 3069 enim
698 3016 803 3069 inuenit
816 3016 902 3086 pami·
957 3021 1024 3071 cent
1041 3031 1047 3068 z
1064 3019 1092 3069 et
1114 3014 1258 3084 quotquot
1278 3010 1448 3065 existimant
1469 3011 1614 3082 impunita
1633 3029 1784 3071 remanere

64 3108 166 3166 &aaa
179 3106 281 3168 locum,
297 3103 421 3175 queraris
440 3118 500 3157 enm
520 3119 581 3157 rum
600 3103 729 3174 tacrqrnie
746 3104 904 3174 inquisisset
959 3107 1087 3177 peecata,
1104 3102 1164 3156 luae
1180 3099 1398 3154 considerantes
1414 3100 1567 3155 attendant
1582 3117 1634 3156 cur
1649 3099 1726 3158 Esau
1740 3119 1786 3159 ve·

69 3195 164 3269 (debr.
179 3210 232 3263 xu,
246 3193 300 3262 17),
316 3189 448 3246 volentes
473 3191 625 3246 ostendere
650 3191 719 3262 quin
743 3207 800 3245 nou
825 3191 901 3246 Deus
918 3165 940 3234 C
961 3193 1038 3247 nium
1056 3207 1113 3247 non
1129 3188 1224 3261 piotuit
1238 3186 1371 3259 adipisci,
1386 3188 1456 3258 quia
1470 3186 1604 3244 videlicet
1619 3205 1678 3245 aon
1693 3184 1785 3271 perni-

72 3300 177 3342 omnes
191 3279 362 3338 salvosvult
376 3278 450 3349 fieri,
464 3278 678 3334 etiamsivalint
693 3279 808 3334 salvari.
822 3279 902 3335 Unde
957 3281 1015 3335 tuit
1031 3282 1063 3333 ut
1084 3276 1194 3332 debuit.
1211 3275 1261 3330 Vis
1277 3275 1374 3329 ridere
1396 3275 1538 3347 integram
1558 3275 1786 3347 qroenitentiami

71 3373 130 3429 iste
143 3372 249 3427 doctor
263 3367 294 3423 in
311 3367 365 3423 hoe
380 3367 483 3422 eodem
498 3365 572 3422 libro
588 3367 659 3421 dicit
674 3384 697 3422 :a
711 3366 784 3432 Quid
800 3367 848 3422 hie
864 3367 904 3422 di·
958 3369 1080 3424 Advorte
1096 3363 1359 3435 Petrum,qualiter
1378 3363 1546 3435 paenituerit
1561 3369 1716 3438 postquam
1734 3383 1787 3424 ne-

72 3458 190 3516 cimus?
205 3458 283 3513 Num
299 3454 501 3528 poenitentiam
514 3454 620 3509 Paulus
632 3455 780 3510 excludit?
794 3456 906 3526 Neque·
959 3460 1076 3529 gereret
1093 3452 1252 3508 Christum.
1270 3452 1398 3506 Nurraus
1421 3469 1547 3524 nauaque
1564 3454 1648 3510 nobis
1664 3471 1787 3529 evange·

75 3544 338 3622 qoam.Quomodo
354 3558 422 3615 ergo
437 3543 516 3611 dicit,
529 3543 606 3614 quod
623 3560 679 3597 nou
696 3542 905 3615 iurene-npe-
960 3546 1028 3600 lista
1058 3544 1121 3613 ejus
1151 3540 1327 3596 historiam:
1353 3541 1384 3593 Et
1410 3541 1514 3604 ariera,
1540 3541 1646 3613 iuquit,
1668 3543 1788 3614 ploravit

75 3634 206 3694 nitentia
220 3631 342 3689 lecum?
357 3631 386 3687 Si
412 3631 489 3686 enim
513 3630 640 3702 culpavit
660 3632 863 3702 semetipsum,
881 3630 905 3688 si
960 3649 1053 3688 (errrore
1077 3630 1181 3702 (llatttr.
1198 3645 1273 3693 run,
1289 3629 1345 3698 75).
1360 3628 1468 3683 ideirco
1491 3627 1535 3683 illi
1560 3629 1716 3688 remissum
1742 3626 1788 3689 est

76 3722 239 3800 gemitibus
254 3719 371 3794 magnis
386 3718 539 3792 ingemuit,
553 3737 604 3774 eur
618 3721 795 3791 paenitentiae
809 3720 905 3776 locum
960 3726 1020 3776 iam
1037 3719 1146 3791 grande
1165 3719 1327 3787 pauentum,
1344 3714 1413 3785 quin
1432 3714 1510 3769 sicut
1529 3716 1629 3771 debuit
1644 3716 1786 3790 poenitea-

77 3813 208 3871 invenire
222 3826 282 3865 non
298 3807 426 3863 meruit?
441 3808 584 3873 Quoniam
596 3824 654 3863 non
665 3813 726 3862 erat
738 3809 907 3881 peonitentia
961 3809 1032 3864 tiam
1055 3806 1155 3879 gessit.
1173 3803 1267 3859 Etiam
1293 3803 1385 3858 tueris
1402 3803 1546 3875 purrituit,
1564 3805 1614 3860 sed
1639 3806 1731 3876 male;
1748 3804 1788 3862 la-

77 3899 137 3977 illa.
149 3901 234 3956 Sicut
245 3900 277 3969 et
291 3895 413 3952 tristitia
426 3895 495 3950 Cain
513 3912 570 3950 non
586 3912 620 3950 ex
636 3895 777 3966 patientia
791 3896 908 3951 deseen—
963 3914 1036 3970 queo
1053 3911 1179 3965 namrpre
1196 3911 1225 3947 se
1251 3892 1414 3964 suspendit.
1433 3892 1570 3947 Peerrituit
1595 3894 1695 3963 etiam,
1711 3894 1790 3951 sieut

81 3990 177 4056 debat,
189 3986 270 4061 quod
295 3983 390 4041 occiso
416 3983 512 4038 fratris
534 3983 649 4054 aperuit
666 4000 671 4037 :
689 3984 730 4037 sic
747 3984 835 4039 etiam
860 3983 908 4039 hie
959 3988 1022 4058 jum
1035 3983 1139 4049 distet
1151 3983 1241 4048 Esau,
1255 3980 1350 4051 magis
1361 3984 1458 4034 autem
1471 3980 1524 4034 iste
1538 3999 1630 4054 neqrm
1642 3981 1789 4056 penituit.

82 4092 138 4132 nou
151 4077 238 4132 erant
252 4072 400 4128 illaverba
416 4071 686 4144 penitentiarum
703 4076 731 4125 et
747 4071 794 4126 hic
811 4072 909 4127 fratris
965 4077 1110 4146 lacrymo
1136 4069 1244 4142 quippe
1268 4068 1321 4122 illue
1347 4085 1405 4122 nou
1430 4073 1512 4123 eraut
1536 4071 1723 4141 peanitentiae,
1740 4071 1791 4129 sed

82 4163 227 4221 occisione
251 4159 415 4234 depalatur,
432 4158 680 4231 quandoquidem,
702 4164 846 4230 quantum
872 4161 908 4215 ad
965 4163 1056 4219 animi
1072 4159 1189 4215 violenti
1215 4162 1243 4212 et
1268 4156 1479 4228 indignationis
1504 4157 1622 4212 inan-ue
1641 4176 1646 4214 :
1665 4159 1741 4230 quod
1758 4152 1793 4216 eit

81 4270 147 4310 eum
161 4250 295 4318 attinuit,
312 4249 401 4305 etiam
426 4249 488 4320 ipse
513 4249 594 4303 fratri
620 4265 673 4303 siro
695 4248 784 4303 Jacob
811 4248 910 4304 intulit
965 4253 1029 4322 ejus
1045 4250 1183 4322 operibus
1199 4245 1338 4317 aperitur.
1357 4245 1493 4298 Purrrituit
1510 4249 1537 4299 et
1559 4246 1661 4303 beatus
1677 4245 1791 4303 David:

82 4347 218 4398 mortem.
229 4340 305 4396 Nam
321 4336 363 4394 sic
377 4337 467 4392 dixit:
484 4337 718 4408 :lppropt'uquant
736 4338 841 4409 iuquit,
853 4337 910 4394 dica
967 4340 1070 4396 errudro
1082 4355 1130 4410 per
1143 4337 1268 4406 singutas
1287 4342 1374 4389 eructes
1390 4335 1486 4387 lectam
1501 4349 1602 4400 orreum,
1617 4343 1644 4389 et
1658 4335 1688 4390 in
1702 4334 1792 4409 tacry-

79 4431 219 4504 munte
242 4428 466 4493 praemetet
493 4427 656 4495 interficiam
682 4428 796 4497 fratrem
821 4444 912 4483 ruerem
966 4432 1018 4485 ntia
1042 4434 1157 4483 atratum
1182 4441 1272 4479 ericum
1294 4421 1387 4491 rr'pulre
1403 4421 1487 4486 (l'sal.
1501 4422 1627 4490 vr‚6,7).
1642 4424 1677 4478 let
1691 4439 1793 4496 peeca-

83 4518 158 4592 (aaz.
176 4532 268 4585 xxvrr,
281 4516 337 4585 tr).
349 4515 413 4570 Non
427 4529 495 4586 crgo
511 4513 665 4569 valuerunt
686 4515 752 4570 solo
778 4514 911 4588 lempna
927 4532 950 4597 p
968 4526 1041 4583 tum,
1059 4516 1134 4588 quod
1151 4517 1218 4568 riute
1239 4510 1364 4565 ouillum
1393 4514 1508 4580 tempus
1533 4504 1701 4570 admiseiat.
1727 4516 1795 4585 post

84 4605 287 4682 paenitentiam
303 4602 346 4658 illi
362 4601 489 4657 tribuere
506 4620 511 4657 :
530 4607 557 4657 et
573 4620 629 4656 rien
652 4603 725 4658 dixit
741 4603 913 4676 simpliciter

86 4696 153 4770 quia
164 4713 221 4769 per
239 4691 444 4765 paenitentiam
460 4690 603 4764 quaesivit,
619 4692 668 4746 sed
690 4709 755 4747 cunr
776 4693 913 4766 laerpmis

87 4782 237 4858 inquisivit
252 4779 429 4854 poenitentiae
454 4779 552 4836 laeum
575 4785 604 4835 et
625 4779 681 4835 nen
703 4780 820 4836 iurauit.
838 4783 912 4847 Quid

89 4889 153 4947 ergo
167 4871 310 4938 dicimus,
327 4869 383 4925 nisi
401 4868 542 4941 quianon
559 4870 694 4940 poerrituit
715 4874 746 4923 ut
761 4870 915 4926 carnemt?

91 4961 144 5017 liae
158 4966 204 5018 est
218 4960 299 5016 enim
322 4955 502 5030 penitentia,
519 4962 551 5012 ut
568 4964 761 5030 congruenter
785 4963 913 5029 geratur.

92 5049 221 5124 Alioquin
238 5047 264 5104 si
286 5046 490 5119 poeuiteutiam
515 5047 636 5101 elamnat
659 5046 825 5118 Apostolus,
843 5064 914 5118 quo-

95 5140 173 5195 medo
201 5139 311 5193 iterum
326 5134 407 5190 velut
421 5151 525 5207 segnes
541 5136 678 5190 admonet
707 5139 734 5189 et
759 5135 914 5191 hortatur?

96 5227 232 5299 quomodo
243 5223 370 5281 claudos
381 5223 497 5279 effectos
508 5228 536 5278 et
547 5223 685 5279 remissos
695 5228 782 5294 atque
792 5224 913 5290 solutos,

98 5317 164 5386 qnod
180 5320 225 5371 eat
240 5313 335 5370 ruinae
360 5312 547 5385 principium,
564 5318 596 5367 ut
614 5313 765 5383 eriguntur
789 5313 916 5370 inritat?

10 5410 15 5421 '
99 5403 160 5460 liihi
175 5405 298 5478 quidem
315 5400 441 5468 videtur,
457 5400 526 5472 quia
544 5401 691 5472 significat
713 5402 826 5474 alipius
841 5403 917 5458 inter

10 5488 26 5520 Γ
100 5488 155 5549 illos
169 5492 335 5557 adulterae,
351 5490 427 5545 128
448 5507 520 5562 iquos
535 5494 632 5545 tamen
659 5492 775 5563 publice
801 5492 917 5548 uolebat

10 5590 20 5657 Ἰ
102 5594 221 5654 arguam,
236 5581 289 5637 sed
306 5578 393 5651 fingit
408 5578 604 5650 ignorantiam
621 5584 722 5650 postea
736 5598 801 5637 vero
817 5581 840 5637 si
858 5599 920 5654 per·

970 4612 1066 4662 tantos
1078 4619 1180 4668 annes,
1193 4603 1347 4669 truitasquo
1359 4598 1560 4668 guarmationes
1571 4598 1794 4672 lugebat,veluti

968 4697 1003 4751 de
1014 4691 1119 4749 recenti
1131 4695 1259 4760 ternpore
1271 4690 1480 4758 perpetratum.
1489 4688 1678 4744 Poerritentenr
1687 4688 1796 4763 quippe
1853 4700 1857 4709 “

970 4801 1027 4839 nou
1043 4779 1177 4834 cormeuit
1200 4774 1421 4845 indiguerimus
1445 4794 1635 4848 exarsperare:
1653 4777 1723 4850 quin
1748 4770 1797 4850 po·

970 4873 1028 4927 tius
1039 4867 1198 4932 continere,
1212 4864 1298 4920 sieuti
1310 4865 1535 4919 condemnatum
1548 4872 1576 4921 et
1587 4866 1725 4922 llduciam
1738 4862 1795 4922 non

970 4963 1129 5033 gerentem,
1143 4960 1171 5011 et
1184 4953 1272 5010 voluti
1287 4954 1394 5025 quippe.
1411 4954 1613 5010 misericordia
1627 4954 1731 5010 salvari
1746 4954 1796 5010 de*

971 5049 1091 5106 sidorat.
1109 5069 1122 5096 u

1003 5141 1039 5194 Et
1053 5138 1122 5191 item
1140 5152 1147 5189 ε
1163 5158 1173 5183 a
1195 5135 1257 5187 tlara
1274 5132 1381 5203 quippe.
1398 5137 1441 5186 est
1456 5150 1546 5186 carisa
1561 5130 1693 5186 omnium
1711 5128 1800 5184 bono·

970 5244 1047 5296 erim,
1064 5226 1088 5280 si
1107 5225 1135 5278 iu
1154 5223 1238 5277 nobis
1259 5220 1399 5292 spiritalis
1422 5221 1516 5290 gratia
1542 5221 1715 5290 perseverat.
1732 5220 1800 5273 Hero

972 5317 1079 5390 quippe
1096 5332 1147 5369 ires
1168 5313 1203 5365 ud
1229 5310 1327 5365 eulina
1357 5314 1432 5362 recto
1459 5308 1560 5361 itinere
1586 5303 1707 5373 reducit,
1724 5300 1802 5363 sicul

972 5408 1060 5463 ctizun
1085 5403 1203 5475 qrrrurdo
1229 5401 1264 5453 ab
1294 5417 1326 5453 ea
1351 5397 1518 5451 rescindimus
1544 5393 1685 5464 perimus
1702 5398 1731 5450 et
1751 5396 1801 5452 de·

973 5493 1042 5550 serti
1070 5491 1215 5545 el'ticiruur
1237 5487 1314 5542 oruni
1343 5487 1427 5538 lieno.
1452 5485 1512 5537 Neu
1540 5481 1638 5556 itaque
1661 5499 1726 5538 eam
1755 5502 1800 5541 re·

974 5582 1128 5656 pellamus.
1146 5581 1177 5636 lu
1194 5576 1276 5633 uetus
1293 5572 1400 5644 quippe
1415 5576 1459 5625 est
1475 5569 1563 5625 eliam
1579 5577 1613 5632 ut
1631 5566 1801 5647 parmaneat
