3810 6098
338 350 389 416 ott
410 352 595 416 otvott'tto
616 346 803 413 LO'l'lihlill
823 350 874 411 tu
895 351 1128 415 triremium.
1539 358 1604 429 'm

75 488 273 545 adominutur
286 488 329 543 itti
352 489 449 544 omnis
474 484 714 559 injustitiaffsut.
730 482 758 550 ἡ
772 487 800 537 et
813 489 929 555 quarite·
943 490 988 541 est
1011 486 1141 559 dignitas
1167 491 1338 564 spiritalior,
1355 497 1435 550 tauto
1458 510 1601 551 moenere

81 577 226 635 :imitans
242 592 414 634 conversum
426 573 619 647 Paulumqui
635 575 670 628 rte
686 589 718 627 se
770 572 934 627 sublimior.
951 600 961 623 ι
979 574 1089 637 Nonus,
1116 577 1212 648 inquit
1235 582 1309 651 trop.
1327 582 1365 648 9),
1382 582 1536 639 abusionis
1554 586 1602 639 est

75 680 147 722 rme
161 664 364 739 glorittoabant
385 665 477 721 ileum
494 667 561 732 (Aet.
573 664 626 733 rx);
643 662 719 719 sicut
770 661 890 733 gradus,
906 680 955 717 rex
968 661 1098 735 iniquus.
1114 666 1228 725 Etenim
1245 686 1344 741 rugum
1372 686 1430 725 noa
1453 672 1599 743 iniquum,

74 755 134 812 thol
149 771 156 809 τ
174 756 332 811 huceuttue
344 763 432 811 caestre
446 770 537 809 rorare
552 752 717 811 troruinitar,
771 750 821 804 sed
837 754 1027 807 correctorem
1045 752 1213 825 iniquorum
1232 773 1298 811 esse
1324 763 1460 830 oportet:
1478 760 1553 815 undo
1569 760 1601 817 iu

75 858 154 917 rpem
176 850 267 900 uestro
291 843 370 908 tenir,
387 851 414 898 et
436 843 588 914 glorificent
610 834 720 895 Putrem
772 838 930 911 seruetipso
943 839 1072 897 nominis
1088 843 1133 898 aui
1148 843 1324 916 dignitatem
1341 846 1489 902 custodire
1503 848 1600 905 debet.

75 933 124 988 'irs
135 931 212 987 retis
226 935 267 987 est
280 928 384 1003 (doute.
399 950 429 1003 v,
445 933 499 1001 to).
775 927 886 983 Nomen
899 927 979 984 enim
1002 930 1082 1001 regis
1107 931 1344 989 intellectualiter
1358 934 1415 991 hoo
1439 936 1553 1001 retinet,
1571 939 1603 1003 ut

76 1020 113 1077 ds
126 1020 185 1090 his,
194 1037 258 1093 que
270 1020 299 1077 in
310 1021 365 1077 hae
375 1020 498 1093 epistula
510 1019 673 1092 pervenisse
684 1019 720 1074 ad
776 1016 918 1087 subjectis
931 1019 1070 1075 erunibus
1084 1022 1206 1077 rectoris
1230 1023 1360 1079 cilicium
1384 1028 1529 1097 procuret.
1546 1023 1603 1081 Sed

75 1108 198 1178 avimus,
209 1115 354 1182 quantum
372 1109 496 1165 llomino
513 1110 674 1181 inspiranto
688 1124 722 1163 ex
776 1105 903 1175 qualiter
916 1105 990 1163 alius
1005 1107 1147 1179 corrigere
1163 1110 1337 1185 poterit,qui
1347 1113 1482 1185 proprios
1496 1129 1603 1183 mores,

87 1199 306 1271 scripturarum
330 1202 417 1270 atquo
440 1196 649 1254 cattmlirorum
671 1198 722 1253 Pa·
778 1212 814 1249 ne
829 1195 923 1268 iniqui
940 1196 1077 1261 si-ul,non
1094 1199 1512 1275 corrigit‘tquoniamjustitia
1526 1204 1604 1275 regis

74 1288 132 1356 ina,
148 1304 201 1360 pro
219 1295 318 1342 nostra
338 1287 539 1343 mediocritate
563 1287 722 1352 sensimus,
778 1284 922 1339 exaltatur
944 1285 1064 1354 solium,
1079 1291 1107 1341 et
1130 1288 1252 1343 veritate
1273 1289 1438 1346 solidantur
1458 1292 1604 1363 guberna-

75 1375 233 1431 everitate
258 1381 286 1430 et
310 1376 538 1449 superimposito
562 1374 724 1431 ministeriu
779 1372 844 1427 cula
860 1373 1045 1445 populorum.
1062 1375 1182 1433 lustitia
1196 1392 1263 1431 vero
1287 1378 1364 1451 regis
1388 1384 1442 1449 est,
1456 1381 1604 1436 nemiuem

75 1463 485 1537 ulliussanmprrejudicantes
499 1465 725 1532 sententiantes
779 1460 888 1532 injuste
902 1479 954 1533 per
972 1462 1133 1534 potentiam
1158 1465 1332 1537 opprimere,
1349 1467 1414 1523 sino
1437 1468 1605 1541 acceptioue

75 1568 113 1609 :es
123 1554 359 1609 auctoritatem«
369 1554 468 1625 Neque
478 1553 556 1609 enim
567 1552 725 1626 quisquam
780 1567 972 1623 personarum
995 1550 1073 1607 iuter
1087 1553 1182 1607 riuum
1197 1559 1226 1608 et
1241 1553 1407 1626 prosiumm
1423 1572 1512 1612 suum
1523 1557 1605 1628 judi·

74 1641 180 1699 rtatim
197 1647 318 1697 sanct-us
334 1642 495 1714 Cyprianus
514 1643 625 1697 dixerut
640 1645 724 1713 (eone.
780 1656 846 1695 care
860 1656 867 1693 :
879 1638 1044 1707 advenis,el
1055 1640 1186 1713 pupillis,
1196 1646 1224 1697 et
1235 1642 1520 1701 viduisdetensorem
1528 1662 1603 1714 esse,

90 1731 263 1806 episcopum
279 1748 310 1786 se
325 1748 388 1787 esse
402 1731 605 1804 episcoporum
621 1730 727 1786 consti·
782 1730 858 1782 turta
870 1728 1167 1798 eolribere,adulteria
1187 1731 1300 1803 punire,
1312 1733 1430 1806 iniyuus
1455 1752 1512 1789 non
1527 1733 1605 1791 exal-

75 1821 200 1877 munire
213 1825 322 1875 terrore
333 1821 368 1875 art
381 1820 560 1892 obsequendi
573 1820 727 1875 necessita·
741 1850 767 1918 B
783 1816 1063 1889 {reimpetrasse
1073 1818 1231 1875 histriones
1241 1837 1298 1876 uon
1320 1823 1558 1895 nutrlro,impios
1570 1824 1606 1879 de

75 1924 101 1965 as
114 1924 186 1965 suos
197 1908 423 1980 adigieqnanm
439 1908 544 1964 habeat
558 1908 724 1981 omnisepi·
780 1910 857 1961 terra
872 1907 1001 1977 perdere,
1018 1906 1181 1978 parricidas
1197 1913 1225 1964 et
1239 1909 1424 1980 perjurantes
1439 1911 1532 1967 rivere
1547 1928 1606 1967 nou

75 2013 109 2054 vo
125 2014 177 2070 per
192 1996 291 2051 orrrrria
310 1996 459 2069 privilegio
473 2002 580 2053 sanetae
595 2002 624 2052 et
638 2014 725 2069 apos·
780 1994 886 2059 sinere,
904 1993 1046 2050 ecclesius
1068 1995 1234 2063 detondere,
1250 2014 1392 2070 pauperes
1416 1998 1607 2073 eleemosynis

75 2102 105 2141 ue
115 2085 146 2141 in
160 2090 221 2142 tolo
232 2087 301 2141 orbe
320 2090 465 2140 terrarum
484 2085 621 2140 tlomana
636 2085 724 2149 selis,
781 2082 867 2149 alere,
885 2083 985 2153 justus
999 2101 1088 2156 super
1102 2084 1183 2157 regni
1198 2087 1314 2159 negotia
1324 2087 1510 2155 constituere,
1522 2104 1607 2144 sonas

75 2190 95 2230 rs
110 2173 257 2246 pontificis
273 2173 372 2228 domni
389 2172 499 2228 Nicolai
520 2190 612 2245 papae,
628 2177 657 2228 ot
681 2174 727 2228 de·
781 2171 1607 2249 elsapientesetsobrioseousiliarioshabere,magorum,

75 2266 171 2319 torum
187 2278 334 2317 canonum
351 2266 451 2317 sancto
472 2262 583 2334 Spiritu
600 2262 729 2319 eondito-
781 2266 810 2315 et
825 2259 1015 2329 hariolorum,
1034 2262 1331 2336 pythonissarumque
1349 2264 1608 2337 superstitionibus

75 2350 191 2407 licentia
206 2350 351 2406 libertatis
363 2355 391 2406 et
407 2350 557 2422 potestatis
572 2368 632 2406 sure
647 2350 727 2406 arbi·
784 2366 840 2403 non
858 2348 1210 2416 intendere‚iracundiam
1223 2350 1349 2407 dillerre.
1361 2353 1486 2425 patriam
1499 2354 1611 2410 sortiter

75 2440 166 2507 rium,
177 2444 236 2495 tam
246 2441 295 2512 qui
304 2439 430 2512 judicari
442 2441 479 2494 ab
489 2438 545 2495 ulio
557 2457 614 2495 non
625 2440 728 2511 possit,
782 2438 899 2508 etJusts
913 2442 1015 2493 contra
1030 2438 1212 2494 universalius
1227 2440 1451 2513 detendere,per
1465 2441 1565 2497 omuia
1579 2442 1609 2499 in

76 2544 129 2601 pse
140 2533 235 2601 polest
246 2528 370 2584 alterum
383 2529 728 2600 singulm-ilerjudieare:
784 2528 842 2581 ileu
865 2526 969 2595 rivere,
985 2527 1215 2599 proprietatibus
1238 2546 1296 2584 uon
1324 2529 1438 2587 elevare
1465 2532 1608 2601 animum,

75 2616 125 2673 icit
135 2619 294 2690 Apostolos
305 2619 391 2685 (item.
405 2622 473 2685 mr),
485 2619 690 2690 unusquisque
700 2620 730 2673 in
784 2620 890 2671 carnola
904 2616 1026 2671 adversa
1040 2614 1186 2687 patienter
1197 2617 1279 2682 terre,
1288 2619 1375 2673 odem
1390 2619 1565 2675 catholicam
1579 2620 1609 2675 iu

75 2706 440 2779 tbuurlans,exspectemus
451 2707 729 2779 universijudieium
785 2705 876 2759 Derim
894 2704 1011 2771 hahere,
1029 2703 1105 2759 tilius
1130 2722 1199 2760 suos
1225 2722 1282 2761 non
1299 2706 1394 2762 sinere
1410 2708 1498 2781 impio
1513 2723 1609 2781 agere,

75 2794 129 2851 stri
142 2794 213 2850 lesu
224 2794 341 2861 Christi,
352 2795 402 2866 qui
414 2811 491 2849 unus
505 2799 534 2849 et
548 2793 628 2849 solus
643 2794 732 2849 habel
785 2792 873 2848 certis
889 2792 970 2848 heris
981 2792 1164 2847 orationihus
1179 2794 1324 2866 insistere,
1340 2799 1408 2850 anto
1431 2795 1520 2855 horas
1541 2812 1609 2852 com

75 2887 128 2953 aet
142 2882 328 2955 praeponendi
344 2900 397 2938 nos
413 2882 442 2937 ln
457 2881 592 2938 Ecclesia
607 2898 666 2939 sure
678 2899 730 2955 gu·
786 2898 876 2953 grues
894 2897 952 2935 non
968 2884 1087 2953 gustare
1101 2881 1210 2937 eibum.
1230 2882 1272 2939 γα
1286 2882 1361 2938 enim
1374 2886 1550 2956 tormentae
1560 2886 1611 2942 retr

75 3000 87 3041 ·,
102 2975 132 3028 et
141 2972 176 3027 de
187 2977 251 3026 acto
265 2976 364 3025 nostro
375 2970 540 3042 judicandi.
557 2994 572 3021 a
785 2977 825 3025 est
836 2985 914 3041 puer,
929 2976 956 3024 et
967 2969 1046 3040 eujus
1057 2970 1197 3040 principos
1211 2986 1292 3026 tautae
1312 2970 1456 3027 cormunt
1468 2973 1565 3042 (Erote.
1579 2972 1607 3042 s',

75 3074 132 3116 mm
147 3076 249 3115 omnes
265 3059 400 3115 dominos
408 3063 437 3114 ct
447 3061 669 3116 consacerdotes
684 3078 733 3115 no·
788 3059 842 3126 ttt).
860 3057 924 3112 lieo
938 3057 1018 3129 regui
1034 3057 1259 3130 prosperitatem
1283 3057 1314 3114 in
1336 3059 1473 3132 presenti
1487 3060 1607 3130 faciunt,

75 3164 104 3205 ss
117 3165 186 3204 oum
196 3148 254 3203 illis
266 3148 373 3220 pariter
383 3148 733 3218 admonemusutseoun-
787 3152 815 3201 et
826 3162 923 3218 regem
939 3146 975 3201 ad
990 3145 1119 3201 caelestia
1134 3162 1223 3219 regna
1238 3146 1359 3203 meliora
1368 3147 1543 3221 perducunt.
1553 3150 1609 3217 Qui

75 3236 220 3311 optionem
237 3236 337 3309 magni
354 3236 459 3292 Leorris
475 3254 555 3308 pape
582 3239 617 3293 ud
634 3237 732 3294 Rusti·
748 3214 769 3281 C
787 3251 853 3291 veru
869 3235 1031 3289 secuudum
1047 3234 1123 3290 hane
1139 3234 1233 3308 legem
1248 3252 1306 3291 non
1324 3236 1483 3309 dispensat,
1501 3238 1610 3296 multus

75 3341 211 3383 anensem
225 3326 397 3398 episcopum
413 3328 502 3397 (epist.
518 3327 564 3394 95)
581 3343 587 3382 :
606 3350 620 3376 u
639 3326 670 3383 ln
685 3327 732 3383 his
787 3323 928 3379 nimirum
944 3322 1136 3380 adversitates
1148 3323 1264 3396 imperii
1284 3323 1397 3380 tolerat.
1409 3325 1520 3383 ideireo
1529 3327 1608 3384 onim

85 3410 194 3468 lirer'int
221 3414 263 3466 vet
290 3411 425 3479 obseura,
441 3413 470 3467 id
496 3413 662 3473 noverimus
683 3431 731 3470 so·
786 3428 863 3485 sape
877 3430 932 3484 pax
947 3410 1609 3485 populorumrunrpitur,etotiend-ioulustiam

83 3501 162 3573 qnod
178 3516 231 3555 neo
251 3501 405 3572 preceptis
419 3500 594 3573 erarrgelicis
612 3507 731 3559 corttre-
785 3502 821 3558 de
837 3518 925 3575 reguo
941 3501 1134 3570 suscitantur,
1150 3506 1294 3557 terrarum
1310 3518 1428 3575 quoque
1438 3503 1609 3567 fruetus-di·

97 3588 222 3645 decretis
247 3594 415 3644 sane-torum
445 3588 609 3644 inveniatur
634 3591 732 3646 adror-
786 3591 971 3659 nriuuuutur,
987 3590 1148 3645 etsemitia
1168 3590 1343 3662 populorum
1367 3592 1608 3665 prepediti-ntor:

786 3679 871 3735 multi
885 3680 973 3735 etiam
988 3678 1104 3735 dolores
1117 3680 1340 3751 prosperitatem
1357 3678 1439 3754 regni
1462 3681 1607 3751 inliciunt,

74 3766 115 3822 ria
125 3766 302 3838 Redemptor
312 3770 420 3833 noster,
430 3766 481 3837 qui
493 3782 541 3821 res
558 3766 642 3823 nobis
653 3769 729 3840 peri-
784 3770 941 3824 charorum
955 3773 984 3823 ct
993 3766 1152 3824 liberorum
1164 3772 1274 3823 mortes
1283 3767 1433 3824 tristitiam
1443 3772 1607 3841 conterunt,

75 3854 139 3911 rdos
151 3854 211 3909 lteri
223 3855 426 3925 dignatusest,
439 3855 574 3909 sacerdos
587 3855 730 3924 videlicet,
785 3856 914 3913 hostium
930 3856 1067 3911 ineursus
1090 3855 1256 3928 provincias
1277 3857 1407 3929 undique
1417 3862 1542 3927 vastant,
1558 3860 1609 3916 ta·

75 3941 729 4015 costishostiasumpassionisemundet,rex,
784 3947 846 4003 stim
874 3950 1073 4002 armentorum
1096 3949 1125 4000 et
1153 3960 1291 4018 pecorum
1315 3962 1418 4019 greges
1437 3945 1609 4019 ditaoeraut,

91 4032 177 4088 nobis
194 4048 321 4104 perenne
337 4032 458 4101 tribuat,
476 4048 657 4105 regnumque
676 4050 730 4090 nos
784 4039 974 4107 tempestates
985 4034 1100 4090 uerisot
1116 4033 1230 4107 hyemis
1242 4038 1385 4090 terrarum
1401 4036 1609 4094 iocunditatem

78 4121 176 4177 rdotes
190 4122 322 4189 tiroiat,ae
332 4120 412 4177 solus
424 4121 731 4195 utrumquodignitate
784 4127 812 4181 et
828 4123 918 4178 maris
932 4121 1094 4177 urinisteriu
1110 4121 1275 4194 prohibent,
1292 4126 1322 4179 et
1335 4121 1493 4195 aliquando
1506 4124 1609 4185 ttrlrni-

81 4226 131 4267 rer
142 4209 264 4277 seilicet,
274 4216 302 4265 et
312 4210 449 4266 sacerdos
459 4210 654 4268 essentialiter
668 4212 730 4269 lteri
783 4228 854 4269 num
870 4211 946 4268 ictus
961 4213 1074 4282 segetes
1086 4214 1116 4264 et
1130 4212 1269 4266 arborum
1289 4212 1376 4267 liores
1399 4216 1428 4267 et
1450 4213 1608 4286 pampinos

75 4299 280 4373 rprovidentia
305 4316 359 4353 sua
383 4299 545 4367 coustituit,
564 4304 596 4355 ut
610 4306 729 4359 sanetus
783 4305 918 4357 exurunt.
936 4296 1214 4370 Superomniuvero
1225 4299 1303 4371 regis
1313 4298 1468 4371 iniustitia,
1485 4316 1543 4355 uon
1559 4316 1607 4356 so-

75 4388 290 4445 dhnustasium
308 4388 512 4460 imperatorem
529 4388 656 4462 scripsit,
668 4389 729 4463 qui·
783 4390 845 4446 tum
857 4386 1008 4463 praesentis
1017 4385 1132 4459 imperii
1140 4386 1245 4443 taciem
1255 4387 1419 4454 fuscatam
1429 4387 1520 4443 otiam
1530 4387 1608 4446 tilios

75 4476 174 4551 potitor
187 4478 317 4533 mondus
338 4477 384 4531 hio
398 4476 517 4547 regitur,
529 4477 558 4532 id
569 4484 613 4534 est
627 4485 728 4536 aucto·
782 4496 852 4536 suos
867 4485 895 4535 ot
909 4480 1040 4550 nepotes,
1057 4492 1093 4531 ne
1110 4478 1176 4546 posi
1199 4491 1231 4531 se
1255 4474 1335 4547 regni
1347 4474 1551 4532 hereditatem
1566 4480 1608 4533 to·

75 4582 155 4623 eram
170 4566 351 4638 pontificum,
369 4571 397 4620 et
413 4566 522 4638 regiam
544 4572 729 4644 potestatem,
746 4583 769 4648 p
785 4568 1034 4635 neentobseuret.
1052 4564 1170 4635 Propter
1184 4561 1333 4636 piaculum
1346 4563 1425 4619 euim
1440 4562 1607 4624 Salomonis

89 4658 172 4713 hum
187 4655 304 4728 gravius
327 4655 442 4727 pondus
467 4661 513 4711 est
532 4660 727 4733 sacerdotum,
785 4656 1024 4731 regnunrdomus
1036 4650 1607 4711 lsraeldontinusdemanibustitiorum

77 4760 126 4800 am
143 4761 194 4816 pro
209 4743 281 4816 ipsis
297 4743 414 4817 regibus
427 4743 580 4800 hominum
592 4747 728 4809 indiviae
782 4750 848 4819 ejus
860 4742 1007 4817 dispersit,
1023 4746 1052 4797 et
1067 4757 1189 4813 prosper
1192 4740 1340 4812 justitium
1355 4740 1446 4797 David
1462 4743 1549 4816 rsgis,
1562 4743 1607 4801 tu·

75 4838 138 4889 suut
161 4832 293 4888 examino
319 4832 470 4902 rationem,
487 4833 523 4888 de
547 4833 592 4891 his
612 4837 727 4896 duabus
782 4830 1064 4893 cernamdescmiue
1077 4832 1140 4901 ejus
1152 4830 1476 4902 sempcrinterusalem
1490 4832 1608 4906 reliquit

75 4919 264 4977 attentissimis
294 4921 446 4993 dignatum
476 4923 619 4993 personis,
650 4926 727 4983 beati
782 4929 832 4997 (tlt
846 4926 907 4996 ltep.
923 4940 962 4987 ru,
976 4920 1029 4991 15).
1041 4920 1113 4975 Ecce
1124 4924 1267 4992 quantum
1276 4920 1393 4992 justitia
1409 4921 1486 4995 regis
1501 4921 1606 4978 saeculo

75 5009 203 5066 ontitieis
216 5014 246 5065 et
261 5009 397 5082 martyris
423 5009 540 5082 gloriosi
568 5014 728 5071 sententias
781 5016 866 5082 ualet,
883 5009 1065 5068 intuentibus
1081 5008 1232 5083 perspicue
1248 5013 1336 5081 patet.
1353 5009 1411 5065 Par
1430 5010 1605 5083 popularum

75 5097 730 5169 ulosubnecteredignumduximusmtatten-
782 5109 827 5160 est
851 5103 1048 5158 tutamentum
1073 5097 1183 5172 patrio,
1197 5098 1369 5154 immunitas
1388 5097 1490 5170 plebis,
1507 5097 1604 5153 muni·

75 5190 187 5245 ormam
199 5188 245 5244 sui
256 5186 394 5251 nominis,
404 5192 546 5259 quantum
558 5190 667 5261 potitur
677 5192 729 5249 hu·
783 5185 1603 5263 mentumgentis,curalanguorum‚gaudiumhominum,

77 5276 193 5348 litas,in
208 5275 288 5332 nullo
303 5275 464 5332 exorbitent
480 5293 496 5331 a
512 5275 612 5349 regula
627 5280 682 5336 siti
692 5284 728 5338 ab
783 5280 938 5354 temperies
953 5277 1038 5341 aeris,
1055 5277 1197 5333 serenitas
1217 5277 1316 5344 maris,
1332 5282 1413 5331 terrm
1429 5274 1602 5340 fecunditas,

75 5364 160 5423 ttitlee
180 5365 401 5438 pontittcum,et
418 5380 483 5436 rege
499 5381 600 5437 regum
617 5369 727 5426 tradite
783 5371 920 5428 solatium
933 5383 1106 5441 pauperum,
1121 5366 1275 5421 hereditas
1289 5362 1605 5430 tiliorumetsibimet·

78 5452 127 5509 hit
145 5455 224 5509 enim
240 5454 269 5508 in
293 5451 367 5508 libro
392 5453 428 5507 do
452 5454 606 5511 duodecim
630 5460 728 5515 saculi
783 5460 855 5534 ipsis
865 5476 932 5531 spes
948 5458 1051 5513 lutura
1066 5453 1266 5511 beatitudiuis.
1285 5451 1359 5509 2⁰8
1373 5454 1509 5506 Attamen
1531 5451 1605 5508 sciat

75 5542 149 5599 rimo
160 5543 198 5599 de
213 5558 293 5616 rege,
304 5545 332 5598 et
346 5546 448 5614 postea
458 5543 494 5599 de
504 5542 729 5619 episcopoquia
782 5566 833 5607 rer
847 5545 1019 5622 quod,siout
1038 5545 1068 5600 in
1085 5544 1190 5601 throno
1200 5540 1351 5598 hominum
1366 5538 1481 5612 primus
1496 5540 1605 5599 eonsti-

75 5630 139 5693 rtus
151 5636 198 5695 est
215 5630 329 5702 celsior,
345 5632 427 5691 tauto
442 5646 529 5691 ossus
543 5639 589 5693 est
602 5636 726 5712 gravior,
783 5643 865 5699 tutas
879 5640 935 5713 est,
951 5634 994 5697 sio
1003 5638 1032 5699 et
1046 5634 1077 5697 in
1091 5632 1195 5713 poeuis,
1211 5630 1236 5691 ai
1246 5626 1396 5705 justitam
1410 5644 1470 5693 uon
1493 5627 1603 5707 esest,
