3810 6098
540 424 591 486 llll
613 421 806 485 cavensis
828 420 957 500 vl'l'tls,
980 424 1067 487 erc,
1594 430 1654 493 862

75 576 129 618 uso
144 560 180 617 nd
195 557 355 632 corporalis
371 555 411 614 rei
427 556 558 631 premia,
569 574 621 614 nee
632 557 669 613 ad
679 555 776 613 laudis
789 553 966 631 AJuvenem
980 560 1062 615 extra
1075 562 1199 632 portam,
1217 562 1246 617 in
1262 561 1378 635 spuiero
1394 567 1492 622 autem
1512 565 1654 623 Lazarum

75 649 163 707 reond
178 647 300 704 humani
312 647 417 720 judieii
433 646 558 721 gratiam
574 646 693 703 anhelat
707 647 776 719 (cup.
833 647 966 704 suscitat.
980 649 1084 706 Adhuc
1099 651 1207 724 quippe
1222 652 1250 707 in
1266 653 1352 708 domu
1368 658 1502 712 mortuus
1513 657 1593 728 iacet
1604 655 1655 730 qui

75 736 114 795 esi
133 735 319 794 latrunculus
343 740 388 793 est
410 736 489 793 enim
513 735 658 809 appetitus
681 734 778 792 laudis
832 735 905 793 latet
918 736 948 793 iu
963 742 1081 812 peccato
1098 740 1182 812 :jam
1197 741 1280 813 quasi
1295 745 1500 814 extraportam
1511 745 1654 816 educitur,

75 844 102 898 e,
116 826 168 901 qui
184 829 262 882 reete
277 825 381 882 itinere
404 825 607 899 gradientibus
631 842 666 882 ex
689 823 779 882 latere
833 827 918 899 eujus
933 826 1074 901 iniquitas
1088 845 1182 903 usque
1195 831 1231 887 ad
1245 831 1451 888 verecundiam
1463 832 1585 904 publica
1595 850 1657 907 per

75 932 98 985 r,
112 918 147 972 ut
161 930 196 971 ex
209 913 333 970 occultis
346 915 450 970 educto
465 913 562 987 gladio
582 913 778 986 gradientium
833 912 1311 991 petrationisaperitur,sepultura
1321 934 1388 975 vero
1399 935 1504 993 aggere
1515 921 1658 993 premitur

75 1002 198 1063 eldetur.
215 1005 346 1076 Cumque
361 1003 516 1075 propositae
531 1002 667 1058 utilitatis
680 1003 779 1058 inton-
834 1002 884 1074 qui
901 1002 930 1057 in
946 1004 1159 1076 perpetratione
1175 1006 1310 1078 nequitiae
1324 1008 1412 1064 etiam
1429 1026 1485 1065 usu
1501 1012 1657 1065 eonsuetu-

77 1093 178 1151 studia
201 1092 314 1166 privata
337 1091 500 1160 deducitur,
521 1091 667 1148 horrendo
693 1090 779 1146 modo
834 1090 913 1147 dinis
927 1098 1095 1164 gravantur.
1112 1095 1168 1149 Sed
1184 1094 1238 1151 hos
1252 1095 1290 1151 ad
1304 1095 1393 1152 vitum
1410 1096 1570 1153 miseratus
1593 1114 1658 1154 sus·

75 1181 209 1254 idemque
232 1198 307 1253 opus
330 1179 417 1253 culpa
440 1180 562 1253 peragit,
586 1180 663 1251 quod
687 1178 780 1234 virtus
834 1174 998 1251 citat‚quia
1013 1181 1184 1255 plerumque
1200 1182 1299 1239 divina
1316 1184 1412 1257 gratie
1435 1203 1492 1242 non
1517 1184 1613 1242 solum
1629 1185 1659 1241 iu

75 1269 117 1327 rit.
134 1271 215 1342 Sapo
230 1274 258 1325 ct
273 1268 310 1324 ab
325 1268 398 1341 ipsis
410 1268 536 1325 exordiis
548 1268 627 1324 aliud
644 1267 780 1341 cogitatio
835 1264 1027 1333 occultis,sed
1040 1260 1127 1323 etiam
1139 1268 1168 1324 Ξιι
1179 1269 1289 1342 apertis
1299 1270 1506 1342 iniquitatibus
1517 1278 1659 1342 mortuos,

100 1357 182 1415 uliud
207 1357 282 1413 aetio
306 1357 442 1414 ostendit.
466 1358 546 1429 Saepe
575 1356 662 1412 etiem
693 1356 780 1412 fidem
835 1353 884 1410 scd
901 1354 1660 1434 etmolepravaconsuetudinispressos‚respectus

77 1447 208 1520 necipsa
223 1445 359 1519 cogitatio
374 1445 501 1513 exhibet,
517 1447 587 1518 quia
611 1444 690 1501 aliud
714 1449 782 1501 ante
836 1443 881 1496 sui
899 1441 1161 1500 lumineillustrat.
1177 1448 1318 1512 Quartum
1342 1464 1409 1502 vero
1434 1451 1584 1505 mortuum
1605 1450 1660 1506 lte·

75 1535 297 1601 mentisversat,
313 1539 342 1591 et
358 1534 442 1607 longe
467 1535 503 1591 ad
527 1533 606 1590 aliud
632 1550 666 1590 ox
686 1533 780 1590 inten-
836 1531 1090 1603 demptornoster,
1106 1535 1260 1591 nuntiante
1278 1535 1424 1609 discipulo
1448 1537 1590 1609 agnoscit,
1607 1555 1660 1595 nee

75 1623 190 1682 estinat.
212 1623 285 1678 Nam
310 1621 484 1695 plerumque
509 1621 642 1678 nonnulli
667 1625 783 1680 terrene
835 1623 934 1676 umen
949 1619 1073 1677 suscitat
1089 1638 1095 1675 :
1113 1621 1279 1694 quiavalde
1294 1623 1412 1681 difficile
1426 1628 1472 1680 est
1486 1624 1557 1680 ntis
1572 1642 1659 1698 quem

75 1715 254 1787 appetunt,
279 1716 308 1767 et
327 1711 475 1783 justitium
505 1711 782 1784 defendunt-,seque
837 1712 903 1781 post
918 1725 1003 1764 usum
1019 1709 1102 1765 malae
1118 1711 1339 1767 consuetudinis
1362 1712 1451 1768 etiam
1475 1712 1660 1770 adulantium

75 1805 128 1859 ates
142 1800 299 1867 estimant,
316 1804 345 1857 ot
359 1817 424 1856 csse
438 1800 605 1857 defensores
630 1800 781 1856 rectitudi-
836 1797 942 1870 lingua
957 1799 1116 1872 excipiunt,
1132 1817 1149 1855 a
1164 1801 1272 1857 mentis
1289 1818 1349 1857 suae
1375 1805 1467 1857 morte
1492 1806 1659 1871 revoceture

75 1887 178 1956 ultani,
195 1888 304 1961 quibus
318 1887 344 1944 si
360 1906 427 1961 spes
447 1888 562 1944 nummi
587 1888 780 1956 subtrahitur,
799 1924 822 1989 B
837 1887 873 1942 de
887 1903 946 1959 quo
960 1890 990 1943 et
1004 1887 1202 1945 benedicitur
1217 1904 1224 1944 :
1240 1889 1306 1945 Sine
1319 1897 1440 1947 ιηονιιιοι
1451 1891 1566 1962 sepelire
1587 1908 1661 1949 mor-

76 1977 160 2037 sieue
174 1978 309 2052 protinus
329 1977 451 2050 justitiae
476 1981 617 2034 cessatur.
633 1979 669 2033 Et
686 1981 783 2032 lamen
839 1984 897 2033 teos
919 1992 981 2033 suos
997 1978 1071 2043 (Luc.
1089 1996 1126 2045 rx,
1142 1979 1198 2050 60).
1216 1977 1322 2034 Mortui
1344 1979 1423 2035 enim
1448 1984 1596 2036 mortuum
1620 1998 1662 2038 ss·

75 2083 127 2125 res
141 2084 173 2124 se
192 2065 316 2139 justitie
341 2065 480 2138 cogitant,
497 2065 611 2137 sibique
635 2082 666 2121 se
691 2068 784 2122 rectos
839 2064 961 2137 peliunt,
976 2081 1044 2121 oum
1060 2068 1226 2138 peccatores
1239 2068 1420 2138 peecatorem
1436 2067 1583 2125 favoribus
1598 2086 1662 2142 pre-

75 2158 106 2225 rt,
120 2154 171 2228 qui
185 2171 372 2228 nequaquam
393 2153 599 2210 rectitudinem
623 2153 674 2209 sed
698 2170 785 2210 num·
840 2158 934 2210 munt.
951 2152 1025 2221 Quid
1040 2154 1117 2209 enim
1133 2156 1178 2210 est
1199 2153 1278 2210 aliud
1304 2154 1428 2228 sepelire
1453 2172 1541 2228 quam
1566 2156 1662 2214 oecul-

75 2248 184 2302 raerunt.
201 2244 308 2300 Contra
323 2260 396 2315 quos
412 2242 486 2299 bene
500 2259 552 2314 per
572 2242 689 2315 Moysen
712 2241 785 2298 diei·
838 2241 922 2298 tarel
936 2242 993 2299 Sed
1008 2242 1056 2315 qui
1079 2247 1247 2315 peccantem
1272 2241 1410 2300 laudibus
1435 2249 1662 2317 prosequuntur,

75 2341 121 2393 tete
148 2333 219 2406 quod
241 2333 348 2407 justum
373 2339 411 2388 est
438 2333 593 2405 exsequeris
622 2333 711 2400 (Dent.
727 2348 784 2397 ιιι,
839 2330 1016 2387 exstinctum
1032 2331 1087 2387 sub
1103 2331 1257 2387 verborum
1273 2350 1393 2389 suorum
1416 2349 1521 2408 aggere
1545 2334 1666 2391 abseon·

75 2426 146 2487 iuste
166 2423 274 2495 quippe
298 2422 375 2494 quod
394 2422 511 2492 J'ustum
537 2424 582 2476 est
604 2420 784 2493 exsequitur,
840 2421 925 2476 dunt.
937 2420 1006 2476 first
1019 2423 1118 2475 tamen
1133 2424 1162 2475 et
1186 2420 1313 2477 Lazarus
1337 2425 1483 2490 mortuus,
1500 2423 1551 2479 sed
1566 2427 1665 2480 temen

75 2524 134 2569 sam
158 2526 247 2582 quam
277 2508 430 2582 praetendit
453 2508 600 2580 justitiam
624 2507 786 2564 veniendari
840 2506 1584 2584 nonamortuissepultus:fidelesquippeillum
1600 2529 1665 2568 mu-

75 2614 87 2657 s
108 2603 235 2655 veretur.
251 2599 335 2654 iuste
358 2616 426 2672 argo
446 2598 562 2669 justum
587 2596 706 2669 exsequi
730 2602 785 2661 est,
841 2596 926 2653 lieres
941 2598 1109 2663 obruerant,
1126 2614 1189 2669 qua
1204 2601 1233 2653 et
1254 2599 1319 2670 ejus
1344 2603 1469 2656 mortem
1495 2599 1665 2658 vivificatori

75 2687 183 2744 ertiono
203 2686 326 2758 iustitie
354 2688 487 2743 eamdem
516 2687 611 2759 ipsam
638 2686 786 2758 justitiam
841 2685 1028 2742 nuntiabant.
1045 2686 1127 2742 Unde
1142 2691 1170 2740 ct
1186 2687 1320 2758 protinus
1335 2687 1371 2743 ad
1387 2687 1482 2744 lucem
1499 2689 1584 2758 redit,
1596 2689 1667 2762 quia

75 2792 102 2835 a.
119 2776 200 2848 Saepe
220 2781 298 2832 reeta
320 2776 447 2849 agimus,
463 2780 491 2831 et
507 2791 692 2848 nequaquam
714 2791 785 2848 prce-
841 2791 908 2830 cum
925 2774 955 2829 in
970 2779 1089 2847 peccato
1114 2774 1231 2831 animus
1255 2775 1391 2845 moritur,
1404 2775 1492 2832 citius
1517 2777 1554 2833 ad
1576 2779 1665 2834 vitam

75 2882 237 2941 equaquam
256 2865 359 2921 laudes
382 2866 418 2921 ab
445 2864 614 2921 hominibus
638 2866 785 2935 exspecta·
842 2863 1001 2930 reducitur,
1017 2863 1042 2918 si
1057 2880 1146 2935 super
1166 2862 1245 2920 hune
1268 2862 1399 2919 sollicite
1422 2864 1614 2937 cogitationes
1628 2865 1666 2922 vi·

75 2954 120 3013 sed
135 2960 231 3010 tamen
247 2971 331 3009 mens
346 2953 374 3007 in
391 2953 436 3009 sui
458 2952 595 3008 fiduciam
620 2955 725 3020 crecta,
740 2950 787 3007 his
841 2958 923 3009 vunt.
942 2976 956 3004 n
971 2952 1222 3010 Perniciosissima
1243 2954 1389 3026 siquidem
1415 2954 1506 3026 pestis
1529 2959 1574 3011 est
1596 2956 1665 3011 adu·

75 3060 105 3103 aa
121 3042 160 3098 nil
176 3041 284 3115 expetit
302 3040 416 3113 placere
439 3041 611 3108 coutemnit,
627 3040 787 3111 eorumju·
841 3043 922 3109 latio,
939 3047 968 3099 ct
982 3041 1040 3098 cito
1055 3041 1183 3114 subripit
1198 3045 1338 3112 mentem,
1354 3041 1411 3097 nisi
1436 3042 1525 3097 fuerit
1546 3041 1575 3097 in
1601 3042 1664 3115 ipso

75 3132 190 3206 espieit‚
205 3148 294 3203 seque
310 3129 385 3186 mele
400 3129 493 3185 libera
515 3145 567 3202 per
590 3128 715 3201 abrupta
726 3126 786 3184 ele·
843 3136 954 3189 mmota
969 3130 1287 3188 initio.Discutiendum
1298 3129 1389 3203 igitur
1398 3129 1483 3186 nobis
1492 3133 1537 3187 est
1547 3129 1618 3203 quid
1629 3132 1665 3188 de

75 3219 154 3295 repit,
170 3223 199 3276 et
212 3220 280 3275 inde
295 3219 350 3274 sub
365 3218 434 3274 vitio
450 3219 534 3290 pejus
549 3217 693 3284 obruitur,
711 3217 789 3272 unde
843 3220 929 3276 nobis
943 3219 1110 3290 audiamus,
1126 3222 1156 3275 et
1170 3219 1293 3292 probare
1308 3218 1379 3291 quid
1395 3218 1511 3274 dicatur
1524 3236 1558 3275 ex
1568 3219 1663 3276 nobis.

74 3308 184 3366 levistis
198 3307 276 3363 vitiis
290 3306 379 3362 nullis
395 3323 426 3363 se
442 3306 671 3379 appetitionibus
687 3306 786 3377 subja·
802 3289 824 3355 C
842 3309 1002 3364 Credamus
1013 3307 1215 3381 quiuetultum
1223 3309 1268 3363 est
1276 3305 1343 3379 plus
1353 3306 1420 3363 aliie
1430 3306 1466 3363 de
1478 3307 1563 3363 nobis
1573 3323 1663 3380 quam

75 3398 195 3457 oriatur.
214 3421 228 3447 o
244 3396 326 3453 Unde
342 3396 430 3453 etiam
447 3396 477 3451 in
493 3395 655 3468 bonisque
671 3396 788 3470 egimus
841 3397 927 3454 nobis
942 3395 1015 3469 ipsis
1029 3396 1154 3453 eredere.
1162 3395 1244 3452 Unde
1260 3394 1367 3452 Paulus
1382 3394 1454 3452 dicit
1471 3412 1477 3451 z
1496 3396 1589 3452 Gloria
1599 3413 1665 3452 aas·

75 3492 143 3546 sest
157 3490 189 3543 ut
208 3504 274 3543 cum
299 3502 406 3559 magna
430 3485 544 3541 cautele
567 3485 735 3550 timeamus,
752 3501 788 3541 ne
841 3495 886 3543 tra
899 3488 959 3543 baec
972 3494 1021 3551 eet,
1038 3487 1222 3542 testimonium
1236 3485 1410 3543 conscentias
1431 3491 1534 3542 nostre)
1548 3486 1586 3554 (ll
1600 3486 1664 3543 Cor.

75 3575 425 3650 iquodanobisrectum
437 3572 790 3646 agiturfevorautgratia
842 3593 862 3643 1,
880 3576 934 3644 12).
955 3573 1081 3631 Gloriam
1107 3590 1192 3630 suam
1218 3571 1326 3629 Paulus
1352 3573 1554 3630 testimonium
1579 3590 1666 3630 eons-

77 3664 285 3738 arequiratur‚
302 3681 338 3719 nc
351 3661 498 3735 appetitus
514 3661 610 3717 laudis
632 3661 787 3735 subripiat,
841 3663 954 3720 cientire
970 3666 1122 3729 memoret,
1137 3661 1187 3734 qui
1204 3662 1315 3717 favores
1335 3661 1395 3717 oris
1419 3660 1506 3717 alieni
1532 3678 1590 3718 non
1615 3679 1666 3735 ap·

75 3753 84 3811 l
98 3751 169 3811 foris
182 3752 357 3818 ostenditur,
375 3750 624 3807 intusamercede
638 3753 784 3808 vacuetur.
842 3758 956 3826 petens,
971 3751 1035 3807 vite
1050 3768 1110 3807 suae
1125 3749 1234 3824 gaudia
1245 3752 1326 3806 extra
1344 3749 1535 3822 semetipsum
1560 3766 1667 3823 ponere

75 3858 113 3900 isr
127 3840 312 3898 Psalmistam
329 3855 445 3911 quoque
460 3840 495 3895 de
513 3844 614 3895 saneta
629 3838 787 3895 electorum
842 3842 969 3915 ignorat.
984 3840 1020 3896 lit
1034 3839 1104 3911 quia
1126 3839 1270 3910 seriptum
1294 3842 1339 3895 est
1355 3853 1362 3894 ε
1378 3839 1441 3895 llice
1464 3838 1575 3895 Domini
1596 3841 1669 3896 siuet

78 3928 214 3987 adicitur
230 3947 236 3984 :
253 3928 347 3984 Ornnie
361 3928 453 3997 qlortu
476 3927 534 3999 ejus
558 3926 626 3998 filie
647 3943 740 3998 repam
755 3927 788 3983 ob
841 3933 890 4003 fur
905 3932 934 3985 in
955 3936 1029 3985 nocte
1052 3929 1092 3984 ito
1114 3929 1202 3983 ueniet
1216 3926 1254 3996 (fl
1266 3928 1341 3983 Pete.
1354 3943 1397 3993 111,
1415 3926 1469 3998 10),
1484 3924 1666 4000 vigilandum

75 4019 142 4077 Ptol
163 4035 239 4086 xciv,
258 4017 312 4090 ll).
334 4016 388 4083 Qui
414 4015 492 4072 enim
515 4019 635 4088 accepte
658 4015 789 4088 quelibet
842 4019 928 4075 nobis
943 4020 997 4085 est,
1014 4033 1050 4072 ne
1065 4015 1144 4071 mala
1158 4032 1222 4088 qua
1247 4015 1333 4071 modo
1359 4013 1512 4084 faciamus,
1530 4015 1667 4072 ucetiam

75 4107 155 4165 ranis
169 4108 232 4162 suis
247 4106 385 4162 laudibus
401 4105 525 4160 nitorem
539 4104 638 4177 gloriae
653 4104 787 4174 elferunt,
842 4108 919 4164 bona
933 4109 1034 4162 nostra
1049 4105 1216 4160 indiscussa
1230 4102 1415 4160 dimittamus
1426 4120 1433 4159 :
1445 4108 1474 4159 et
1487 4103 1528 4159 ita
1543 4102 1666 4176 vigilen-

75 4194 167 4253 oleum
181 4195 322 4262 vendunt,
339 4195 374 4250 de
390 4211 447 4266 quo
468 4193 595 4266 profecto
620 4191 683 4248 oleo
708 4193 788 4250 Psal-
842 4200 887 4252 tes
901 4192 1024 4250 sollicite
1047 4208 1164 4263 semper
1188 4194 1355 4264 exspectare
1379 4190 1531 4258 debemus,
1547 4193 1666 4262 quando

75 4282 137 4342 lioit
152 4301 159 4338 ε
177 4283 275 4340 Oleum
289 4284 436 4354 peccatoria
452 4297 509 4337 non
533 4282 686 4353 impinguet
707 4289 790 4354 caput
842 4281 985 4338 Dominus
999 4282 1099 4335 nostor
1113 4280 1147 4333 ad
1166 4277 1344 4350 judicandos
1370 4295 1423 4334 nos
1447 4281 1617 4344 revertatur,
1633 4282 1666 4333 ut

77 4372 164 4448 (reat.
189 4389 252 4438 axe,
271 4373 299 4439 5)
316 4389 323 4427 ε
341 4369 535 4443 appellatione
559 4373 657 4425 autem
684 4369 788 4441 eapitis
842 4386 910 4426 eum
925 4367 1035 4425 venerit
1049 4371 1077 4423 et
1092 4365 1252 4439 pulsaverit
1266 4365 1421 4423 confestim
1445 4363 1612 4437 aperiamus
1626 4365 1663 4421 ei.

75 4479 83 4519 ι
107 4460 290 4537 principatur
314 4459 426 4532 corpori
444 4475 526 4514 mens
540 4460 670 4513 vocatur.
683 4457 789 4530 lmpin-
841 4462 929 4530 (Hom.
944 4458 1018 4532 xru.)
1033 4480 1047 4507 «
1063 4454 1150 4512 Venit
1163 4454 1272 4529 quippe
1284 4471 1351 4510 eum
1367 4453 1404 4510 ad
1422 4452 1570 4525 judicium
1596 4469 1664 4524 pro·

75 4566 118 4626 go
131 4553 220 4622 eaput
243 4549 338 4605 oleum
363 4546 532 4620 peccatoris,
550 4562 618 4602 cum
642 4545 788 4602 demulcet
842 4552 934 4621 perat,
951 4545 1050 4619 pulsat
1063 4561 1130 4600 vero
1145 4559 1212 4599 eum
1224 4544 1287 4615 Jam
1304 4558 1355 4615 per
1369 4540 1665 4615 agritudinismoles·

75 4652 91 4695 u
112 4637 192 4695 favor
215 4636 373 4693 adulantis.
389 4635 562 4691 Adulatorcs
585 4633 664 4691 onim
688 4634 787 4691 blandi
803 4657 827 4723 D
843 4638 899 4695 tias
912 4652 977 4693 esse
992 4639 1116 4690 mortem
1137 4630 1262 4688 vicinam
1273 4632 1408 4706 designat
1423 4648 1431 4687 ι
1447 4630 1493 4686 cui
1510 4630 1664 4687 confestim
1744 4708 1748 4715 Ι

75 4726 170 4795 imici,
187 4742 312 4798 quorum
333 4724 443 4797 linquis
467 4723 635 4795 quicunque
651 4722 680 4778 in
696 4724 788 4796 operi·
842 4724 999 4799 aperimus,
1012 4723 1037 4778 si
1053 4722 1132 4778 hunc
1148 4738 1214 4776 cum
1230 4737 1328 4777 amore
1343 4718 1665 4793 suscipimus3aperirs

75 4813 120 4873 uis
133 4813 330 4886 decipiuntur,
346 4812 375 4867 in
392 4813 516 4867 adventu
529 4809 640 4883 judicis
659 4812 736 4868 inter
748 4813 790 4869 fa·
841 4812 948 4870 etenim
960 4809 1053 4883 judici
1066 4807 1196 4881 pulsanti
1207 4825 1265 4864 non
1275 4806 1337 4864 vult
1348 4807 1398 4880 qui
1410 4807 1488 4864 exire
1499 4808 1535 4863 de
1545 4823 1665 4880 corpore

96 4902 204 4961 stultos
227 4901 488 4974 computabuntur,
504 4903 533 4955 et
548 4917 565 4954 a
579 4899 637 4955 Deo
662 4900 787 4958 retribu-
840 4900 977 4974 trepidat,
992 4902 1021 4955 et
1034 4897 1132 4954 videre
1143 4914 1210 4953 eum
1225 4912 1314 4969 quem
1332 4895 1545 4969 contempsisse
1560 4912 1591 4952 se
1604 4914 1665 4952 mc·

87 4992 232 5051 bonerum
243 5007 363 5064 operum
374 5006 431 5044 non
444 4987 734 5061 invenient,quiapro
744 4991 787 5046 eis
842 4990 927 5047 minit
937 4988 1069 5061 judicem
1086 4985 1224 5042 formidat
1241 5002 1246 5040 :
1265 4984 1316 5059 qui
1330 4990 1429 5042 autem
1445 4986 1480 5042 de
1495 5003 1550 5041 sua
1570 5003 1622 5056 spe
1637 4990 1665 5040 rt

75 5080 185 5138 cantab
200 5076 489 5135 hominibuslaudes
513 5093 587 5149 quas
606 5077 785 5134 ambiebant.
840 5077 1007 5152 operatione
1023 5092 1145 5133 securus
1159 5078 1213 5142 est,
1231 5074 1359 5147 pulsanti
1385 5074 1538 5130 confestim
1560 5073 1662 5143 aperit,

75 5190 80 5226 ι
104 5171 141 5227 ab
165 5167 325 5234 adulatore,
348 5166 416 5240 quie
442 5183 499 5220 non
514 5166 634 5237 ajusto,
651 5164 788 5222 laudatur
842 5167 912 5240 qnia
927 5166 1011 5222 laetus
1021 5164 1152 5237 judicem
1169 5163 1304 5232 sustinet,
1321 5168 1432 5220 etcum
1457 5165 1573 5233 tempus
1595 5176 1662 5231 pro-

75 5277 98 5316 ir
112 5258 141 5315 in
157 5257 310 5315 desideriis
326 5254 429 5311 enimse
445 5271 504 5310 suae
521 5259 549 5310 et
563 5253 683 5326 iniquus
703 5255 784 5311 bene·
842 5257 958 5329 pinque·
982 5255 1086 5310 mortis
1110 5254 1270 5326 agnoverit,
1287 5254 1322 5309 de
1345 5251 1438 5325 gloria
1463 5246 1664 5304 retributionis

75 5347 174 5417 ,alius
186 5347 288 5411 ulium,
300 5343 328 5399 id
345 5348 390 5399 cst
402 5359 526 5416 peccans
541 5341 675 5398 adulator
690 5361 788 5416 pecea-
842 5344 999 5402 hilarescit.
1016 5366 1030 5394 e
1047 5341 1120 5410 Quia
1136 5343 1226 5415 igitur
1247 5341 1404 5398 momentis
1427 5337 1489 5394 suis
1514 5335 1591 5391 horre
1615 5335 1661 5390 fu-

75 5435 186 5502 saeidit‚
202 5439 232 5490 et
250 5435 320 5488 dum
347 5431 468 5487 invicem
495 5430 629 5487 videlicet
653 5432 788 5489 adulator
841 5433 1086 5509 giurrt,ogendnm
1104 5432 1285 5487 nobisestut
1297 5430 1326 5484 in
1337 5427 1404 5484 boni
1420 5424 1516 5499 operis
1533 5423 1663 5480 mercede

75 5542 120 5593 rue,
135 5527 165 5581 et
179 5527 314 5598 peccator
328 5521 356 5577 in
374 5537 462 5593 prava
485 5519 662 5591 operatione,
678 5539 710 5577 se
723 5521 786 5578 lau·
842 5529 1007 5582 teneantur.
1025 5522 1106 5578 Unde
1126 5520 1263 5577 Salomon
1287 5518 1358 5574 dieit
1373 5533 1380 5572 :
1396 5515 1558 5586 Qodcunque
1580 5520 1665 5586 potest

75 5612 185 5670 uxiaem
209 5629 240 5668 se
264 5611 410 5668 occidunt.
436 5608 549 5678 (Merui,
565 5606 616 5663 lib.
633 5627 672 5677 iv,
687 5627 713 5666 c.
729 5612 787 5684 27.)
840 5620 999 5671 martiatica
1019 5614 1109 5684 focem
1133 5611 1266 5666 instanter
1289 5620 1410 5678 operare,
1425 5604 1492 5677 quie
1513 5618 1563 5660 nec
1585 5618 1663 5677 opus,

75 5697 786 5775 estquodltedemptornosterpuellamindomo,
840 5703 982 5769 secretio,
997 5700 1185 5763 acescentis,
1200 5694 1398 5768 marpesso
1415 5699 1498 5752 erunt
1520 5692 1594 5767 apud
1617 5695 1664 5751 is·
