3824 6096
112 264 171 324 ⁴27
582 255 773 320 eluceant
796 253 1019 317 RHEMENSIS
1041 251 1350 318 aaoalurlscort.

114 393 206 466 igitur
221 396 254 447 ut
267 392 302 447 ad
328 407 363 447 aa
382 408 446 463 que
471 389 607 463 superius
622 389 774 464 disputare
797 388 939 461 ooepimus
955 388 980 455 Α
996 390 1030 444 dc
1045 387 1162 460 Nuptiis
1179 389 1208 444 et
1226 386 1469 460 Concupiscentia
1482 388 1552 460 (cop.
1563 384 1602 459 3).
1615 407 1629 438 o
1644 384 1665 442 A
1680 401 1715 460 qu

114 484 305 537 revertamur.
317 481 450 536 Diximus
461 498 588 552 namque
599 480 634 536 dc
645 477 807 536 damnabili
816 477 938 535 humani
994 479 1056 548 ortis
1071 476 1190 532 devictos
1200 465 1248 542 est,
1261 477 1336 532 sicut
1346 475 1417 532 dicit
1432 475 1591 548 Scriptura,
1603 475 1669 531 ὴαὶσ
1681 481 1709 534 ct

112 569 228 642 generis
251 588 350 627 massa
366 570 458 627 Ocum
478 569 629 642 praescisse
654 568 864 637 misericordia,
882 585 939 624 non
993 566 1118 622 aeterra
1133 574 1180 622 est.
1193 566 1249 622 Noc
1261 566 1419 638 quisquam
1435 564 1491 621 nisi
1507 580 1559 637 per
1573 562 1715 637 gratiam]

112 659 317 732 meritis,quos
334 658 474 716 electione
492 658 590 731 gratiae
611 656 828 731 predestinavit
842 658 878 713 ad
894 657 938 711 vi·
993 655 1065 710 toris
1080 653 1136 711 isto
1156 654 1278 711 solvitur
1292 654 1408 711 vinculo
1426 654 1584 722 servitutis,
1597 671 1615 710 a
1629 669 1715 727 quoe

112 752 173 804 tam
191 765 199 804 ι
216 752 335 804 ceteros
351 766 429 815 vero,
446 747 496 820 qui
516 747 628 820 judicio
649 746 772 820 justitie
795 747 860 819 ejus
884 745 939 802 bac
993 743 1107 799 minum
1127 743 1228 799 nullus
1246 744 1400 800 immunis.
1416 744 1470 800 Per
1489 760 1582 799 unum
1597 738 1706 817 quippo

112 837 206 911 gratie
220 837 389 893 efficiuntur
408 841 550 910 expertes,
567 835 719 909 praescisse
739 839 853 891 tantum
868 834 937 890 vitio
992 849 1060 888 nom
1071 838 1223 905 peccatum
1233 833 1351 889 intravit
1361 833 1391 888 in
1402 833 1593 899 mundum,et
1602 849 1715 906 perpeo

111 926 230 1000 propria
254 926 410 1000 perituros,
427 943 485 982 non
501 929 534 981 ut
549 925 678 998 perirent
702 924 936 997 predestinasse.
993 938 1083 989 mors,
1095 926 1123 978 et
1136 921 1179 979 ita
1194 923 1224 978 in
1240 938 1342 979 omnes
1365 922 1500 978 homines
1519 920 1715 995 pertransiit,i

112 1015 179 1083 Sed,
192 1019 224 1071 ut
237 1014 307 1083 dixi,
318 1032 392 1087 quos
407 1014 437 1070 in
453 1015 592 1086 operibus
606 1013 767 1086 impietatis
782 1017 811 1070 et
834 1012 937 1070 mortis
992 1027 1094 1068 omnes
1109 1016 1311 1085 peccaverunt.
1326 1010 1373 1068 Sic
1389 1015 1433 1069 est
1447 1028 1514 1084 ergo
1534 1012 1611 1069 Deus
1631 1028 1715 1070 nasae

111 1103 266 1177 prescivit,
278 1121 336 1160 non
351 1103 565 1178 preordinavit,
577 1120 631 1159 nec
645 1102 772 1175 impulit,
784 1101 814 1158 in
830 1103 938 1176 quibus
992 1100 1135 1169 conditor,
1144 1104 1176 1156 ut
1186 1117 1289 1157 omnes
1298 1117 1332 1156 cx
1343 1117 1401 1157 uno
1412 1106 1479 1157 eant
1489 1100 1518 1156 in
1529 1098 1715 1158 condamnati

111 1193 205 1251 Deum
216 1198 406 1267 provocantes
416 1195 452 1250 ad
465 1193 658 1262 iracundiam,
672 1192 776 1248 salutis
787 1192 875 1248 fidem
887 1197 937 1248 aut
992 1205 1117 1262 quorum
1148 1207 1206 1246 non
1229 1189 1316 1246 tuerit
1343 1181 1558 1247 renascentium
1586 1184 1715 1248 liberato]

111 1281 372 1354 predicatamsibi
394 1281 524 1355 accipere
549 1281 664 1350 nolunt,
680 1285 731 1337 aut
757 1281 816 1338 Deo
836 1280 936 1353 judice
991 1278 1100 1352 quippe
1115 1278 1212 1334 dictus
1227 1283 1271 1334 est
1291 1278 1408 1352 ligulas,
1425 1296 1459 1335 ox
1474 1280 1575 1335 eadem
1592 1279 1715 1337 messal

113 1388 169 1427 non
182 1370 937 1444 possunt,velacceptamaleutuntur,etobhoctra·
990 1366 1071 1423 aliud
1091 1384 1141 1423 vas
1165 1367 1195 1422 in
1220 1368 1360 1425 honorem
1385 1369 1546 1425 secundum
1572 1368 1715 1439 misericor

111 1462 224 1517 duntur
237 1460 267 1517 in
283 1462 439 1533 reprobum
452 1478 583 1530 sensum,
596 1465 629 1517 ut
638 1478 696 1516 non
708 1459 816 1516 iaciant
828 1477 862 1517 eu
872 1477 935 1532 quas
991 1455 1070 1512 aliud
1086 1456 1116 1512 in
1127 1456 1335 1528 contumeliam
1346 1459 1510 1513 secundum
1521 1457 1680 1529 judicium,
1692 1473 1715 1515 or

13 1622 15 1626 ,
112 1548 367 1618 conveniunt,his
392 1566 506 1621 pomam
533 1549 769 1622 predestinatam
793 1565 858 1606 esse
883 1548 936 1605 rite
990 1548 1032 1600 tat
1055 1544 1184 1602 Ecclesia
1206 1546 1423 1603 mirericordiam
1447 1554 1473 1603 et
1493 1546 1632 1619 judicium
1651 1547 1715 1618 (Pau

110 1637 246 1694 fatemur.
263 1661 277 1688 »
814 1708 815 1711 Ἴ
990 1634 1024 1690 lit
1038 1634 1067 1689 in
1084 1634 1159 1690 libro
1174 1637 1209 1691 dc
1234 1637 1312 1692 Bono
1336 1635 1557 1708 perseverantie
1572 1639 1642 1708 (erp.
1660 1633 1715 1711 a),

146 1727 936 1800 Commemorandumetiamduximusquioabutuntur
989 1725 1067 1796 quod
1083 1725 1224 1797 scriptum
1245 1729 1339 1781 caiz«
1357 1725 1439 1796 Caius
1459 1726 1517 1780 vult
1531 1726 1715 1795 miseratione

110 1815 240 1885 redivivi,
252 1816 361 1887 quibus
377 1815 466 1872 innisi
482 1817 598 1872 tuerent
611 1816 640 1871 in
655 1816 778 1872 vetustis
788 1816 935 1872 cineribus
989 1814 1048 1870 vait
1062 1813 1183 1870 inderet.
1199 1813 1262 1869 Non
1284 1813 1362 1869 onim
1378 1817 1423 1870 cst
1442 1813 1583 1886 iniquitas
1606 1803 1715 1887 apud'l

110 1903 179 1961 olim
190 1903 439 1960 Pradestinatiani
452 1905 570 1978 sepulti,
582 1905 749 1978 apostolicis
759 1905 936 1962 testimoniis
986 1902 1076 1969 absit.
1090 1903 1145 1960 Sed
1163 1902 1366 1959 inscrutabilia
1385 1907 1454 1959 sunt
1474 1903 1587 1975 judicia
1601 1904 1678 1974 ejus,
1692 1909 1715 1961 ot

111 1993 147 2049 ad
158 2009 242 2049 suum
254 1994 485 2050 confirmandam
497 1994 683 2062 sententiam,
695 2018 705 2044 a
718 1994 851 2064 Attulit»
863 1994 934 2068 quin
989 1990 1141 2065 stigabiles
1156 1992 1207 2047 via
1223 1992 1296 2063 ejus.
1309 1990 1453 2065 Universa
1471 1990 1548 2047 enim
1558 1992 1610 2047 vie
1623 1990 1715 2048 Βοιαὶ]

110 2082 198 2150 Deus,
210 2104 224 2132 α
242 2082 271 2138 in
296 2082 390 2139 multa
414 2083 554 2156 patientia
569 2100 639 2140 vasa
660 2084 708 2138 irae
733 2083 861 2156 perlecta
876 2084 935 2140 sive
990 2081 1146 2137 sericordio
1161 2084 1189 2137 et
1203 2080 1320 2137 veritas.
1338 2079 1552 2153 iuvestigabilis
1572 2096 1640 2154 ergo
1659 2083 1706 2137 est

110 2174 209 2244 aptata
222 2171 267 2227 vel
282 2177 444 2245 preparate
458 2173 495 2228 ad
511 2172 716 2245 perditionem,
731 2177 760 2229 ct
774 2173 859 2246 cujus
874 2173 936 2229 vult
990 2169 1114 2226 ricordia
1128 2171 1203 2243 ejus,
1216 2169 1286 2242 quia
1301 2169 1385 2242 cujus
1396 2170 1458 2226 vult
1473 2170 1630 2227 miseretur
1639 2168 1715 2228 nulli

111 2260 308 2329 miseretur,et
318 2277 405 2332 quem
417 2261 478 2316 vult
489 2261 634 2317 indurat.»
647 2264 753 2318 Contra
761 2278 835 2334 quos
845 2279 934 2336 expo·
989 2259 1160 2316 cedentibus
1184 2259 1307 2328 meritis,
1324 2263 1352 2314 et
1376 2258 1588 2333 investigabilis
1613 2259 1715 2341 veritat

111 2348 171 2405 suit
185 2347 236 2405 illa
251 2350 353 2406 beatus
376 2349 560 2423 angustinus
575 2350 630 2407 hoc
645 2351 731 2408 modo
755 2350 786 2406 in
809 2350 883 2407 libro
898 2351 934 2408 de
989 2365 1076 2420 quem
1089 2348 1152 2404 vult
1163 2350 1297 2417 obdurat,
1309 2350 1373 2422 ejus
1384 2349 1503 2422 quidem
1514 2347 1715 2422 precedentibi

110 2438 367 2495 Predestinatione
377 2443 545 2496 sanctorum
559 2439 627 2512 (cop.
639 2440 668 2510 9)
678 2457 684 2495 :
696 2440 793 2496 Attulit
806 2442 835 2496 ia
847 2441 935 2497 eruite
989 2437 1062 2506 ritis,
1080 2437 1131 2493 sed
1151 2455 1218 2494 oum
1235 2455 1267 2493 co
1283 2439 1368 2509 cujus
1383 2437 1444 2493 vuit
1464 2438 1620 2495 miseretur
1641 2437 1715 2512 pleri

107 2529 241 2599 patientie
256 2545 321 2584 noso
345 2530 407 2595 iric,
424 2532 453 2583 ot
476 2531 580 2584 catera
599 2545 693 2601 usquc
713 2531 881 2602 preparavit
904 2531 934 2584 in
988 2528 1207 2584 communibus.
1224 2528 1305 2584 Sicut
1324 2527 1449 2584 duorum
1470 2529 1666 2601 geminorum,
1688 2543 1715 2603 qr

108 2615 226 2686 pieriam
240 2635 266 2670 :a
279 2616 373 2685 Fides,
385 2616 491 2689 inquit,
505 2620 533 2673 ct
546 2617 682 2674 inchoato
697 2623 726 2673 et
741 2621 867 2691 portcota
879 2619 933 2674 do·
988 2634 1065 2671 unus
1076 2618 1247 2683 assumitur,
1256 2634 1333 2673 unus
1344 2616 1530 2690 relinquitur,
1540 2616 1641 2691 dispar
1650 2620 1715 2676 estc

109 2721 182 2760 num
193 2705 244 2761 Dei
255 2710 310 2772 est,
320 2710 349 2761 et
362 2705 415 2762 hoc
428 2707 538 2762 donum
549 2707 727 2779 quibusdam
738 2707 935 2780 dari‚quibus·
987 2705 1092 2761 merita
1102 2706 1286 2762 communia:
1298 2704 1326 2761 in
1338 2706 1445 2779 quibus
1457 2713 1554 2763 tamen
1565 2706 1606 2762 sio
1622 2706 1715 2763 altera

110 2794 177 2850 dam
189 2812 246 2850 non
258 2795 331 2866 dari,
341 2795 460 2851 omnino
471 2813 528 2852 non
540 2795 656 2852 dubitat
667 2796 716 2868 qui
731 2813 788 2852 non
799 2796 861 2853 vult
871 2814 932 2852 ma·
988 2794 1038 2850 Dei
1054 2794 1184 2851 bonitate
1193 2794 1344 2866 liberatur,
1356 2800 1388 2850 ut
1402 2794 1475 2850 alter
1485 2794 1566 2852 nullu
1577 2796 1640 2868 ojus
1655 2795 1715 2870 iniq

110 2882 310 2940 nitestissimis
326 2884 417 2941 sacris
441 2883 546 2941 titteris
565 2902 737 2958 repugnare.
755 2887 811 2942 Cur
834 2890 932 2942 autem
987 2885 1172 2940 damnetur.»
1183 2884 1218 2939 Et
1233 2884 1261 2939 in
1277 2883 1400 2957 epistola
1419 2885 1455 2940 ad
1473 2884 1586 2940 Sixtum
1606 2883 1715 2960 presby

109 2988 167 3026 non
181 2972 318 3030 omnibus
333 2974 428 3042 detur,
440 2973 528 3030 fidem
542 2991 663 3043 ¹movere
687 2992 744 3032 non
768 2975 865 3042 debet,
881 2974 933 3047 qui
987 2974 1074 3046 (epist.
1088 2974 1148 3040 105)
1163 2989 1194 3028 z«
1206 2972 1370 3041 Querimus
1388 2972 1467 3029 enim
1488 2973 1625 3029 meritum
1642 2972 1715 3031 obdu

108 3060 202 3117 credit
216 3067 250 3117 ex
265 3079 323 3117 uno
338 3078 441 3119 omnes
455 3062 513 3119 isso
535 3063 565 3118 in
581 3064 854 3121 condemnationem
870 3064 932 3120 sine
987 3063 1034 3119 nis
1049 3066 1078 3118 et
1093 3061 1268 3131 invenimus,
1284 3061 1388 3117 merito
1403 3079 1529 3135 namque
1551 3062 1661 3134 peccati
1676 3078 1715 3118 un

110 3150 291 3207 dubitatione
297 3150 506 3224 justissimam,
521 3151 562 3208 ita
572 3151 695 3209 utnulla
706 3152 934 3225 Deiessetjusta
948 3133 969 3200 C
987 3168 1086 3208 massa
1100 3152 1240 3208 damnata
1253 3154 1298 3207 est
1310 3168 1316 3206 :
1329 3167 1383 3207 nec
1394 3151 1513 3206 indurat
1525 3150 1602 3207 Deus
1615 3151 1715 3224 imper

110 3238 297 3312 reprehensio
312 3240 427 3297 etiamsi
451 3239 552 3296 nullus
567 3240 635 3296 inde
657 3240 840 3298 liberaretur.
852 3241 933 3298 Unde
987 3239 1142 3308 malitiam,
1153 3241 1203 3297 sed
1215 3258 1272 3296 non
1284 3240 1478 3313 impertiendo
1489 3239 1715 3297 misericordiae

109 3332 223 3384 constat
234 3344 371 3402 magnam
381 3345 445 3385 esse
457 3328 581 3401 gretiam
593 3331 671 3402 quod
682 3329 801 3402 plurimi
813 3329 934 3386 liberen·
987 3329 1043 3384 bus
1058 3330 1135 3385 onim
1152 3346 1210 3385 non
1228 3328 1404 3402 impertitur,
1421 3346 1473 3385 nec
1488 3329 1569 3402 digni
1589 3333 1670 3398 sunt,
1682 3346 1715 3387 ne

109 3421 167 3486 tur,
177 3421 206 3472 ct
216 3416 286 3489 quid
303 3416 358 3474 sibi
376 3417 530 3473 deberetur
541 3417 569 3471 in
580 3416 682 3489 eisqui
699 3434 756 3473 non
772 3416 934 3474 liberantur
987 3422 1098 3488 rentur,
1106 3436 1140 3475 ac
1149 3418 1290 3493 potiusut
1305 3437 1363 3475 non
1374 3418 1559 3492 impertiatur
1572 3419 1626 3475 hoc
1636 3417 1715 3494 digni

109 3510 298 3581 agnoscant.»
309 3506 388 3563 Stad
404 3506 518 3562 Sixtum
534 3507 736 3579 presbytorum
747 3509 836 3580 (epist.
850 3508 930 3582 105J:
987 3506 1042 3565 boc
1064 3513 1222 3566 merentur.
1239 3508 1402 3576 Quaerimus
1418 3513 1515 3576 autem
1536 3507 1675 3564 moritum
1695 3523 1715 3565 n

110 3597 171 3653 «ln
186 3596 342 3668 vasisque
359 3595 486 3667 perlecta
501 3599 570 3650 sunt
588 3597 624 3651 ad
650 3595 843 3668 perditionem
869 3615 932 3670 que
987 3598 1101 3666 cordia,
1116 3614 1168 3653 nec
1190 3597 1366 3664 invenimus,
1381 3597 1449 3670 quia
1467 3596 1582 3653 nultum
1599 3600 1653 3666 est,
1666 3599 1707 3654 ne'

109 3686 253 3740 damnata
263 3683 931 3756 debitacstmassae,agnoscantvasaexcedam
986 3691 1141 3743 evacuatur
1156 3688 1180 3743 si
1197 3705 1254 3743 non
1269 3687 1360 3760 gratis
1375 3689 1510 3756 donatur,
1525 3687 1574 3743 sed
1592 3685 1707 3744 meritis

109 3772 247 3829 massain
258 3771 398 3828 honorem
410 3771 563 3844 tectaquid
575 3771 616 3828 eis
626 3771 932 3832 misericordiadivina
986 3781 1071 3832 tur.»
1087 3777 1122 3831 Et
1137 3776 1165 3831 in
1182 3775 1256 3831 libro
1273 3777 1308 3832 de
1328 3776 1584 3832 Praedestinatione
1606 3773 1709 3849 gratio

107 3859 213 3932 largita
228 3860 276 3916 sit.
290 3882 304 3910 »
313 3861 348 3916 at
363 3860 392 3916 in
409 3861 532 3934 epistola
546 3863 580 3918 ud
598 3862 735 3935 Optatam
747 3866 835 3936 (epist.
848 3867 929 3936 157):
986 3887 999 3915 «
1014 3864 1147 3921 Occurrit
1157 3864 1234 3921 enim
1245 3881 1298 3920 cur
1311 3868 1431 3937 pereant
1445 3882 1479 3921 ex
1493 3863 1540 3920 his
1554 3862 1655 3937 aliqui,
1668 3880 1715 3921 our

108 3971 122 3998 a
134 3947 262 4017 Dixerat,
273 3948 430 4022 Apostolus
446 3949 567 4020 scilicet,
578 3951 702 4025 ligulam
717 3951 772 4007 luti
781 3969 816 4010 ex
830 3946 931 4012 cadom
985 3953 1119 4027 nipotens
1144 3970 1246 4010 omnes
1270 3953 1404 4009 homines
1427 3952 1523 4010 salvos
1547 3953 1609 4009 ficri
1633 3951 1715 4025 velit,

107 4053 206 4094 massa
221 4038 314 4095 tacere
328 4038 408 4095 aliud
420 4057 470 4096 vas
486 4039 515 4096 in
528 4039 678 4109 bonorem,
690 4039 770 4097 aliud
785 4041 815 4098 in
831 4050 931 4102 contu·
985 4042 1163 4115 agnitionem
1178 4041 1307 4099 veritatis
1325 4041 1433 4099 venire.
1446 4043 1555 4100 Deinde
1570 4059 1623 4098 cur
1644 4059 1713 4100 rurs

107 4126 235 4184 matiam.
253 4128 355 4185 Merito
385 4132 482 4185 autem
507 4128 654 4185 videretur
681 4128 827 4201 injustum
852 4135 928 4205 quod
984 4130 1460 4200 duretaliosmisertusaliorum,
1478 4131 1715 4203 autquomodov

106 4217 183 4273 fiunt
195 4234 265 4274 vasa
275 4217 323 4273 irae
334 4218 369 4274 ad
386 4215 590 4290 perditionem,
604 4218 628 4274 ai
640 4235 697 4275 non
707 4223 785 4276 esset
795 4219 859 4293 ipsa
868 4223 930 4278 uni·
983 4220 1118 4277 homines
1132 4220 1195 4276 vult
1219 4221 1315 4278 salvos
1335 4220 1406 4290 fieri,
1420 4219 1487 4277 cum
1512 4221 1574 4294 ipso
1598 4219 1715 4278 nonnul

104 4322 188 4363 versa
203 4322 238 4362 ex
259 4307 352 4363 Adam
377 4323 476 4363 massa
491 4307 639 4363 damnata.
656 4309 736 4373 Quod
763 4325 831 4382 ergo
855 4311 930 4368 fiunt
983 4309 1132 4366 salventur
1146 4310 1337 4366 induret.»Et
1359 4315 1424 4381 post
1439 4308 1590 4382 aliquanta
1606 4308 1715 4384 (cap-'il

104 4394 251 4450 noscendo
266 4412 336 4452 vasa
359 4395 418 4463 ire,
436 4395 562 4468 pertinet
577 4395 613 4450 ad
633 4396 762 4453 debitam
786 4415 901 4471 poenam
920 4419 926 4456 :
982 4414 1060 4471 ergo,
1073 4402 1106 4453 ut
1120 4399 1265 4471 apparuit,
1285 4399 1321 4455 de
1336 4398 1564 4472 praevaricatoris
1578 4397 1693 4456 semine
1704 4415 1715 4470 t

90 4482 180 4553 .quod
196 4486 294 4540 autem
317 4485 392 4540 fiunt
415 4484 593 4541 renascendo
616 4502 686 4542 vasa
710 4486 927 4559 misericordie,
944 4500 967 4565 p
982 4487 1133 4543 nascimur
1148 4487 1456 4560 debitoresquoniam
1482 4490 1512 4543 in
1535 4490 1593 4561 ipso
1612 4504 1715 4559 omnes,

103 4567 228 4642 pertinet
244 4571 280 4626 ad
295 4571 454 4629 indebitam
470 4572 606 4647 gratiam.
616 4573 751 4630 Ostendit
769 4591 837 4648 ergo
852 4576 929 4635 Deus
985 4575 1025 4631 ait
1038 4575 1213 4649 Apostolus,
1226 4585 1404 4649 peccaverant
1417 4579 1503 4649 (Rom.
1517 4578 1556 4651 v),
1573 4581 1601 4634 et
1624 4577 1715 4651 ipsaj

102 4656 177 4714 iram
187 4676 282 4728 suam,
296 4677 354 4716 non
367 4661 467 4734 utique
478 4661 569 4718 animi
581 4664 841 4736 perturbationem,
853 4665 930 4722 sicut
983 4664 1126 4736 principio
1151 4666 1228 4720 unde
1253 4666 1459 4722 descendimus
1485 4683 1584 4725 masse
1598 4667 1715 4724 damnat

103 4750 148 4803 est
158 4764 221 4819 que
232 4748 276 4804 ira
285 4749 414 4806 hominis
426 4758 622 4825 nuncupatur,
635 4753 684 4809 sed
697 4754 809 4824 justam
825 4755 928 4811 fixam·
982 4752 1082 4809 nullus
1106 4755 1142 4810 de
1165 4753 1273 4810 duritia
1295 4773 1359 4828 suu,
1376 4754 1476 4813 nullus
1500 4757 1535 4812 de
1559 4773 1646 4828 poena
1669 4772 1715 4814 cor

101 4852 159 4908 que
173 4836 340 4906 vindictam,
352 4839 429 4911 quod
441 4840 476 4896 dc
489 4839 579 4913 stirpe
594 4840 796 4898 inobedientia
810 4843 927 4900 ducitur
981 4843 1097 4911 audeat,
1114 4859 1177 4915 que
1193 4842 1281 4899 etiarn
1306 4862 1364 4900 non
1380 4844 1571 4900 existentibus
1586 4845 1715 4917 peccatis

101 4940 230 4998 propago
245 4927 371 4999 pecccati
387 4932 474 5001 atquc
489 4929 637 5002 supplicii.
653 4930 776 4988 littorio
789 4939 873 4996 natos
892 4951 927 4990 ee
981 4931 1063 5003 priis,
1076 4931 1138 4988 sole
1153 4932 1292 4989 nascendi
1307 4934 1473 4989 conditione
1494 4934 1626 4990 debetur.
1642 4935 1715 5001 Quoi

99 5014 225 5082 mettere,
243 5014 319 5071 siout
333 5016 363 5071 in
379 5016 453 5073 libro
477 5018 532 5073 Job
558 5017 699 5091 scriptum
716 5024 770 5092 cst,
785 5020 872 5078 breuis
887 5031 927 5079 ost
979 5021 1057 5077 Deus
1079 5020 1145 5077 aliis
1170 5022 1298 5094 gratuita
1313 5023 1464 5079 vocatione
1477 5022 1625 5079 conversis
1640 5022 1715 5081 mise

42 5163 44 5166 y
99 5104 190 5160 tritaet
200 5104 299 5177 plenas
310 5106 592 5179 irocoadiotiotxrv,
605 5106 641 5180 1).
654 5107 724 5179 Ejus
735 5107 812 5165 enim
823 5110 864 5166 rei
876 5129 927 5168 vas
980 5109 1198 5183 diamlargitur
1218 5111 1388 5181 indebitam,
1406 5130 1463 5169 non
1481 5112 1715 5185 addispensator

99 5191 177 5248 m
197 5197 241 5250 est
265 5211 323 5267 qua
344 5194 450 5268 plenus
474 5200 529 5252 ost.
547 5196 629 5252 Unde
654 5196 703 5252 ire
726 5214 796 5254 vasa
818 5199 925 5255 dicun·
975 5199 1194 5269 justitiam,sed
1208 5201 1243 5255 ad
1256 5201 1393 5258 donantis
1408 5199 1715 5259 misericordissimam

98 5283 176 5336 tur.»
186 5283 222 5338 Et
235 5287 302 5355 post
317 5283 470 5356 paululum
487 5285 523 5340 de
538 5283 647 5351 electis,
659 5308 672 5335 o
687 5289 718 5340 ut
732 5285 762 5341 in
772 5287 825 5355 eis,
837 5287 866 5344 id
880 5294 926 5347 cst
979 5288 1123 5345 ralitatem
1135 5289 1265 5346 veritatis
1275 5289 1387 5347 ratione
1398 5291 1581 5348 referendum
1593 5294 1668 5346 est.»
1678 5289 1715 5347 et

82 5419 83 5422 ,
99 5367 217 5442 relictis,
229 5372 345 5429 discant
360 5389 444 5446 agere
458 5372 568 5446 gratias
581 5373 649 5442 Deo,
663 5375 740 5447 quod
755 5375 791 5432 ab
807 5376 849 5434 eis
865 5394 923 5434 non
978 5377 1065 5449 paulo
1076 5381 1219 5450 post(cop.
1230 5379 1255 5450 t)
1266 5394 1290 5432 :«
1303 5379 1405 5452 ltaque
1415 5396 1449 5437 ex
1461 5380 1611 5453 superiora
1621 5378 1715 5451 hujus

99 5455 161 5513 suis
177 5461 298 5532 meritis,
315 5479 378 5535 que
400 5464 431 5520 in
446 5464 548 5520 eadem
564 5480 664 5521 massa
687 5464 769 5537 paria
792 5465 921 5536 fuerunt,
978 5466 1127 5522 sententia
1143 5482 1202 5538 qua
1216 5466 1297 5536 dicit,
1309 5470 1387 5539 cvjvs
1401 5469 1459 5525 vait
1471 5471 1626 5537 miseretur,
1643 5470 1715 5541 puto

99 5543 150 5602 sod
163 5544 243 5609 illiue
259 5551 447 5614 miseratione
462 5552 580 5614 discreti
596 5558 674 5613 sunt.
689 5576 703 5604 v
719 5555 754 5613 lit
768 5553 797 5613 in
812 5553 886 5615 libro
901 5574 922 5616 11
977 5553 1078 5613 nullus
1088 5553 1145 5613 nisi
1157 5554 1296 5634 indignus
1307 5556 1507 5617 misericordia
1517 5557 1624 5618 audeat
1634 5555 1715 5633 dispr
