3824 6096
134 375 191 440 305
489 375 541 435 DE
563 374 946 438 PEAEDESTINATlONE
968 351 1228 440 uls'seararle
1251 380 1481 443 Pesrearea.
1779 381 1838 446 306

128 507 260 584 jicienda
269 511 332 564 erat
345 507 452 564 veritas
467 508 677 581 redemptionis
693 509 867 565 mortalibus
875 508 960 564 insti·
975 508 1005 576 Α
1019 509 1065 565 nis
1076 528 1156 584 pape
1167 514 1237 586 (cap.
1255 514 1311 568 lin
1327 514 1419 585 Aetol:
1436 537 1449 564 a
1467 515 1498 570 El
1513 530 1567 569 nori
1582 523 1621 570 est
1633 516 1661 570 iu
1676 516 1732 572 alio
1747 517 1840 589 alique

132 597 247 664 tutis‚et
256 599 424 669 corruptam
440 596 477 651 ab
491 595 575 653 initio
591 596 734 668 originem
751 597 832 653 novis
848 597 961 653 renasci
1014 600 1138 656 enimsi
1154 600 1184 656 in
1201 601 1280 657 nullo
1295 601 1415 669 alio,sed
1432 602 1461 657 in
1478 602 1591 659 Christo
1606 609 1720 658 tantum
1737 605 1840 661 mundi

131 685 285 760 oportebat
295 683 593 741 exordiis.0llerenda
603 689 664 741 erat
676 703 726 758 pro
738 684 960 742 reconciliandis
1015 687 1096 744 salus
1107 695 1232 763 asterga
1243 696 1271 746 et
1281 692 1380 747 Patres
1395 692 1574 747 Testamenti
1590 691 1695 747 veteris
1708 693 1840 763 ejusdem

130 774 238 841 hostia,
256 791 321 847 que
336 777 365 829 et
381 773 473 829 nostri
489 774 605 846 generis
621 774 710 841 socia,
727 779 755 830 et
771 779 875 830 nostrae
891 792 959 831 con·
1015 778 1217 850 Redemptoris
1232 780 1432 836 incarnatione
1448 785 1475 836 et
1491 780 1626 851 passione
1641 779 1743 836 salvati
1759 785 1839 849 sunt,

130 864 334 923 taminationis
355 868 433 920 esset
447 862 543 919 aliena
557 880 563 918 :
580 868 611 918 ut
626 864 680 919 hoe
696 865 880 937 propositum
896 865 958 930 Dei,
1014 884 1072 939 qua
1082 884 1134 923 nes
1148 868 1253 924 salvari
1265 869 1413 924 credimus
1424 873 1452 925 et
1464 867 1694 940 speramusEtsi
1706 867 1784 923 enim
1798 886 1843 924 sa-

129 970 188 1027 que
202 957 358 1026 peecatum
375 952 478 1008 mundi
497 953 567 1010 Jesu
592 953 700 1008 Christi
723 952 834 1026 placuit
855 955 958 1010 nativi·
1013 961 1164 1012 crementa
1179 974 1229 1029 pro
1244 962 1410 1029 temporum
1436 957 1549 1013 ratione
1574 957 1751 1028 discrepent,
1768 957 1841 1013 fides

130 1047 188 1101 tate
200 1046 230 1099 et
244 1041 383 1116 passione
399 1041 503 1109 delere,
520 1042 555 1098 ad
572 1041 706 1098 omnium
735 1043 957 1114 generationum
1012 1048 1111 1100 tamen
1122 1045 1350 1117 unaeademque
1360 1047 1516 1102 concordat
1528 1064 1534 1101 :
1548 1046 1617 1118 quia
1627 1063 1716 1118 quam
1728 1063 1780 1101 nos
1790 1063 1842 1118 per

127 1128 236 1195 secula
252 1130 413 1202 pertineret
430 1147 435 1186 :
453 1147 506 1186 nee
522 1129 675 1185 turbarent
699 1148 764 1198 nos,
783 1131 834 1186 sed
859 1133 958 1204 potius
1012 1133 1840 1208 apostolosfactam‚eamdc1nillidispensationemChristi

127 1219 340 1276 confirmarent
361 1218 508 1291 mysteria,
523 1235 587 1290 qua
602 1223 769 1290 temporum
787 1219 898 1276 ratione
912 1238 958 1277 va·
1012 1238 1064 1293 per
1086 1222 1244 1295 prophetas
1270 1223 1433 1278 didicerant
1456 1241 1520 1279 csse
1544 1229 1709 1280 venturam.
1740 1224 1840 1295 Neque

124 1308 213 1375 tiata,
227 1323 298 1364 cum
314 1306 386 1362 fides
402 1323 460 1379 qua
475 1307 601 1363 vivimus
617 1307 698 1363 nulla
714 1309 802 1364 luerit
813 1312 895 1365 atate
910 1310 957 1366 di·
1012 1310 1151 1366 enimest
1175 1311 1336 1383 redemptio
1367 1311 1542 1383 captivitatis
1573 1313 1719 1385 humanae,
1736 1312 1792 1368 nisi
1810 1310 1839 1367 in

126 1413 219 1454 versa.
237 1395 360 1453 Cessent
384 1395 474 1468 igitur
496 1394 615 1452 illorum
640 1397 775 1468 querele,
793 1397 842 1470 qui
866 1397 956 1471 impio
1011 1399 1238 1471 sauguineejus
1251 1399 1301 1472 qui
1313 1400 1596 1472 deditsemetipsum
1608 1401 1838 1474 redemptionem

127 1501 281 1544 murmure
296 1483 403 1540 divinis
419 1484 689 1557 dispensationibus
704 1485 907 1558 obloquentes,
920 1488 956 1543 de
1010 1504 1063 1560 pro
1074 1487 1221 1543 omnibus.
1238 1510 1252 1538 »
1269 1489 1304 1544 Et
1319 1488 1390 1544 item
1406 1489 1580 1545 venerahilis
1596 1491 1747 1563 presbyter
1762 1491 1839 1547 Beda

127 1575 286 1634 dominice
302 1573 464 1631 nativitatis
479 1575 616 1631 tarditate
632 1579 802 1643 causantur,
814 1579 955 1648 tanquam
1010 1574 1040 1632 in
1051 1575 1182 1648 Epistola
1200 1576 1296 1649 prima
1313 1577 1389 1633 Petri
1402 1579 1443 1649 (la
1454 1596 1512 1650 cop.
1527 1580 1569 1646 l):
1588 1600 1601 1627 a
1618 1580 1713 1650 Supra
1728 1579 1839 1634 dixerat

126 1663 283 1739 preteritis
308 1663 491 1736 temporibus
515 1681 574 1720 uon
590 1664 811 1736 sitimpensum
832 1665 909 1736 qued
925 1664 954 1720 in
1009 1664 1168 1738 prophetas
1196 1666 1300 1737 spiritu
1325 1666 1434 1723 Christi
1461 1667 1671 1738 praenuntiasse
1687 1667 1838 1739 passiones

127 1752 230 1812 ultima
244 1752 350 1809 muudi
365 1755 448 1809 etate
462 1757 507 1809 eet
521 1758 649 1825 gestum.
666 1752 754 1809 Verbi
771 1753 849 1809 cuim
864 1753 956 1810 incar·
1009 1753 1073 1823 ejus
1083 1757 1112 1808 et
1123 1755 1299 1826 posteriores
1310 1755 1418 1828 glorias
1431 1774 1437 1811 z
1450 1760 1478 1810 et
1490 1773 1567 1810 nuuc
1578 1755 1649 1810 dicit
1660 1756 1761 1811 eadem
1772 1772 1839 1827 ape

127 1843 204 1900 natio
216 1842 274 1900 hoe
283 1841 638 1914 contulitlaciendaquod
653 1842 777 1907 factast
789 1859 953 1899 sacramen·
1009 1840 1100 1897 stolus
1115 1842 1156 1897 eis
1173 1843 1309 1899 nuntiare
1334 1843 1445 1915 Spiritu
1471 1849 1572 1899 sancto
1597 1843 1688 1898 misso
1703 1844 1737 1898 de
1753 1843 1836 1898 eoelo.

125 1936 185 1990 tum
200 1931 310 1990 salutis
325 1931 460 1988 humana
476 1932 506 1986 in
522 1930 603 1986 nulla
619 1947 750 2002 uuquam
780 1931 955 2003 antiquitate
1010 1929 1092 1986 Unde
1117 1935 1197 2002 patet
1211 1932 1280 2003 quia
1295 1932 1373 1987 idem
1389 1933 1512 2005 spiritus
1526 1932 1634 1988 Christi
1650 1937 1710 1987 erat
1726 1932 1755 1987 in
1771 1949 1836 2004 pro·

125 2020 259 2080 cessavit.
291 2020 373 2088 Quod
403 2018 634 2092 praedicaverunt
660 2018 795 2091 apostoli,
825 2019 879 2075 hoe
906 2037 955 2076 an·
1008 2018 1213 2091 photisprius,
1231 2020 1837 2094 quipostmoduminapostolisldeoque

126 2111 333 2167 nuntiaverant
347 2113 376 2165 et
391 2109 539 2182 prophetae
556 2125 563 2164 ε
581 2124 633 2164 nee
650 2125 714 2164 sero
730 2113 774 2163 est
788 2107 952 2180 impletum,

125 2199 199 2272 qaod
225 2214 345 2270 semper
368 2202 414 2254 est
438 2196 593 2254 creditum.
613 2195 764 2269 Sapientia
778 2213 844 2253 vere
860 2202 889 2253 ct
904 2198 952 2253 be-

126 2287 253 2362 ¹aequitas
283 2287 345 2353 Dei,
375 2303 408 2342 ac
436 2285 580 2343 salutiferi
612 2285 709 2358 operis
744 2302 835 2353 mora,
867 2303 952 2359 capa·

125 2377 216 2434 aioms
231 2393 286 2432 uos
306 2392 365 2433 sue
381 2375 541 2432 vocationis
565 2374 668 2441 ellecit,
686 2379 719 2430 ut
744 2375 821 2447 quod
851 2375 952 2433 multis

127 2464 225 2539 signis,
241 2462 347 2521 multis
361 2464 492 2529 vocibus,
505 2463 664 2536 multisque
681 2463 830 2536 mysteriis
845 2481 896 2536 per
911 2467 954 2520 tot

128 2554 198 2611 Μ
212 2554 310 2610 luerat
328 2551 436 2609 saecula
450 2551 630 2616 nuntiatum,
642 2551 671 2606 iu
684 2551 788 2608 diebus
804 2551 952 2624 Evangelii

129 2657 181 2698 aaa
197 2644 278 2697 esset
292 2638 477 2712 ambignum.
498 2639 532 2693 Et
547 2638 685 2695 nativitas
702 2637 870 2708 Salvatoris,
888 2657 951 2712 quae

129 2728 223 2786 omnia
240 2726 385 2784 miracula
399 2743 577 2800 omnemque
600 2727 736 2782 humanae
752 2727 951 2801 intelligentie

129 2821 186 2882 erat
199 2833 357 2874 excessura
372 2832 552 2884 mensuram,
569 2821 649 2872 tauto
676 2817 904 2873 constantiorem
920 2817 950 2874 in

128 2907 349 2981 uebisgigueret
359 2906 570 2978 fidem,qaanto
582 2905 748 2978 pradicatio
759 2907 824 2977 ejus
834 2908 863 2961 et
874 2906 950 2961 anti·

128 2993 949 3069 quiarpreeessissetetcrebrior.Nonitaquenovoconsi·

108 3083 497 3152 diesseuerebushumanis,
507 3100 559 3140 ncc
570 3101 634 3140 scra
644 3083 830 3140 miseratione
841 3100 949 3139 eonsu-

113 3172 950 3244 luit,sedacoustitulienemundiunameamdemqueom·

1008 2109 1141 2165 camdem
1153 2110 1240 2164 fidem
1251 2110 1398 2181 passionis
1409 2110 1515 2166 Christi
1527 2114 1555 2164 et
1561 2107 1730 2181 posterioris
1738 2107 1836 2181 glorie

1008 2198 1126 2270 utrique
1142 2198 1258 2270 populis
1275 2201 1474 2270 praedicabant
1487 2217 1493 2254 :
1505 2199 1547 2254 illi
1558 2198 1654 2254 adhuc
1669 2201 1835 2264 venturam,

1006 2286 1055 2344 isti
1067 2289 1131 2359 J'am
1147 2288 1280 2344 venisse:
1298 2305 1331 2344 ac
1348 2305 1399 2362 per
1414 2289 1468 2345 hoc
1482 2306 1571 2343 unam
1587 2304 1650 2342 esso
1664 2286 1835 2357 Ecclesiam,

1007 2377 1092 2448 cujus
1105 2393 1173 2448 pars
1185 2377 1331 2432 carnalem
1343 2377 1459 2433 Domini
1470 2378 1628 2433 adventum
1644 2376 1834 2448 precesserit,

1006 2482 1075 2537 pars
1098 2465 1137 2521 sit
1161 2464 1253 2520 altera
1277 2469 1387 2521 secuta.
1407 2489 1420 2513 a
1437 2467 1519 2522 Sicut
1543 2471 1571 2521 et
1586 2467 1615 2520 S.
1633 2463 1789 2535 Gregorius
1805 2462 1834 2518 iu
1895 2486 1898 2491 ·

1006 2552 1128 2609 bomilia
1143 2553 1302 2609 Ezechielis
1318 2555 1432 2609 decima
1448 2554 1551 2627 quinta
1563 2554 1639 2609 tm
1658 2553 1729 2608 dicit
1746 2568 1752 2606 :
1771 2575 1784 2600 a
1801 2552 1836 2606 Et

1006 2642 1125 2715 quidem
1141 2643 1177 2698 ab
1192 2642 1261 2698 Abel
1287 2643 1431 2713 sauguine
1447 2643 1544 2714 passio
1556 2643 1619 2714 jam
1635 2640 1722 2713 caepit
1737 2639 1834 2696 Eccle-

1006 2731 1067 2799 siae,
1083 2735 1185 2786 etune
1201 2735 1245 2786 est
1269 2730 1399 2786 Ecclesia
1423 2729 1582 2786 electorum
1607 2729 1834 2801 precedentium

1005 2824 1093 2890 utque
1105 2821 1321 2891 sequentium.»
1333 2821 1367 2874 Et
1382 2819 1411 2874 in
1427 2818 1549 2874 homilia
1564 2818 1676 2873 decima
1692 2817 1831 2889 septima:

1005 2931 1019 2959 a
1034 2910 1068 2963 Et
1091 2910 1140 2981 qai
1161 2908 1308 2980 praeibant,
1334 2917 1359 2963 et
1387 2909 1434 2980 qui
1457 2908 1648 2979 sequebantur,
1677 2905 1835 2962 sternebant

1005 2997 1278 3053 OsannaPracessit
1289 2997 1397 3069 quippe
1407 2997 1548 3052 lailaicus
1562 2993 1698 3067 populus,
1711 2996 1829 3050 secutus

1004 3089 1049 3142 est
1059 3085 1187 3159 gentilis.
1205 3086 1241 3140 Et
1251 3085 1320 3156 quia
1332 3102 1434 3140 ornnes
1446 3083 1540 3150 electi,
1555 3083 1614 3138 sive
1626 3080 1677 3154 qui
1688 3080 1718 3135 in
1728 3080 1830 3137 ludoea

1003 3191 1068 3232 esse
1084 3178 1252 3247 potueruut,
1264 3174 1324 3229 sive
1339 3174 1389 3246 qui
1407 3191 1485 3228 nunc
1502 3173 1531 3227 in
1546 3170 1675 3227 Ecclesia
1690 3169 1828 3237 existunt,

110 3264 337 3321 nibuscausam
344 3261 594 3319 salutisinstituit.
603 3261 702 3319 Gratia
712 3261 801 3330 enim,
812 3277 948 3333 quasem·
964 3248 986 3314 G
1005 3262 1034 3317 in
1047 3261 1235 3318 mediatorem
1252 3260 1301 3316 Dei
1319 3266 1347 3316 et
1362 3261 1515 3316 hominum
1532 3258 1719 3314 erediderunt
1731 3261 1829 3312 etere-

107 3369 174 3426 per
198 3350 375 3409 universitas
394 3350 558 3423 justificata
588 3354 768 3416 sanctorum,
795 3355 881 3406 aecta
905 3354 950 3407 cst
1003 3350 1314 3422 dunt,quiprmeuntet
1326 3351 1375 3421 qui
1387 3354 1551 3421 sequuntur
1562 3349 1679 3404 Osanna
1690 3346 1828 3402 clamant.

101 3441 236 3499 Christo
247 3444 396 3508 nascente,
409 3457 466 3496 uon
478 3443 581 3512 coepta.
593 3440 628 3495 Et
638 3439 692 3495 hoc
704 3454 816 3511 magna
834 3438 949 3510 pictatis
1003 3439 1121 3495 Osanna
1136 3442 1235 3493 autem
1261 3436 1364 3493 Latina
1379 3436 1481 3510 lingua
1494 3439 1572 3493 salua
1586 3453 1635 3492 eos
1651 3435 1769 3490 dieitur.
1785 3435 1828 3491 Ab

99 3534 352 3597 sacramentum,
363 3546 422 3602 quo
432 3532 512 3585 totus
519 3531 583 3602 Jam
599 3528 728 3584 mundus
744 3527 882 3600 impletus
893 3532 947 3596 ost,
1004 3528 1067 3599 ipso
1079 3528 1157 3582 enim
1170 3526 1294 3583 salutem
1306 3531 1334 3582 et
1345 3527 1456 3598 priores
1469 3526 1690 3598 quaesieruntct
1701 3540 1828 3595 praesen·

95 3618 181 3676 tam
190 3623 296 3692 petens
317 3617 406 3674 etiam
425 3616 456 3671 in
476 3616 539 3673 suis
554 3615 820 3689 significationibus
836 3616 900 3686 luit,
918 3618 950 3671 ul
1004 3622 1048 3673 tes
1059 3620 1202 3689 querunt,
1215 3621 1243 3671 et
1254 3616 1440 3671 benedictum
1451 3616 1501 3688 qui
1513 3615 1590 3669 venit
1602 3615 1630 3668 in
1647 3612 1765 3668 nomine
1776 3612 1829 3666 Do·

97 3721 178 3765 neu
189 3707 289 3764 miuus
300 3723 334 3763 eo
345 3705 443 3778 adepti
456 3705 516 3761 sint
526 3705 576 3778 qui
585 3704 658 3760 illud
670 3704 817 3760 credidere
828 3705 951 3776 promis·
1004 3706 1077 3763 mini
1097 3706 1274 3761 confitentur
1286 3723 1292 3760 :
1305 3705 1443 3776 quoniam
1460 3721 1519 3760 una
1534 3720 1611 3775 spes,
1623 3718 1682 3756 uua
1697 3701 1770 3755 fides
1784 3703 1829 3754 est

102 3813 300 3870 numquam
311 3796 340 3852 hi
357 3796 407 3868 qui
423 3810 577 3866 suscepere
593 3793 761 3849 donatum.i
779 3793 815 3848 Et
830 3797 949 3849 sanetus
1003 3793 1229 3867 praecedentium
1245 3797 1333 3865 atque
1348 3793 1536 3865 sequentium
1553 3789 1737 3863 populorum.
1754 3788 1828 3843 Nam

97 3886 304 3961 Augustinus
319 3884 349 3939 iu
365 3883 492 3939 librode
507 3883 618 3938 Natura
633 3885 661 3937 et
676 3881 775 3938 Gratia
789 3884 865 3954 (cap.
883 3882 928 3952 43)
941 3899 947 3936 :
1003 3883 1080 3941 sicut
1090 3882 1131 3937 illi
1143 3886 1309 3954 exspectata
1319 3881 1455 3954 passione
1466 3900 1498 3937 ac
1509 3879 1720 3936 resurreetione
1731 3876 1826 3933 sanati

107 3973 299 4048 «anuippe
311 3972 385 4028 tides
391 3973 491 4044 justes
502 3971 617 4027 sanavit
627 3971 774 4042 antiquae,
789 3986 853 4041 quaa
865 3974 950 4026 sanat
1004 3976 1084 4038 sunt,
1099 3971 1140 4025 ita
1164 3988 1221 4025 non
1248 3969 1393 4041 preterita
1417 3969 1552 4041 passione
1572 3968 1651 4023 illius
1667 3984 1699 4022 uc
1713 3982 1827 4038 perma-

110 4069 148 4120 οἱ
165 4080 231 4133 aas,
248 4063 279 4118 id
295 4066 342 4119 cst
357 4060 527 4118 mediatoris
543 4058 589 4115 Dei
607 4063 635 4115 et
650 4058 804 4114 hominum
820 4058 949 4115 hominis
1003 4061 1084 4117 uenti
1101 4060 1130 4114 in
1147 4058 1253 4114 saecula
1269 4058 1480 4114 resurrectione
1496 4056 1653 4112 salvanum.
1671 4077 1685 4103 »

113 4149 226 4209 Christi
241 4151 325 4220 lesu,
337 4149 410 4205 fides
426 4147 580 4221 sanguinis
594 4147 751 4219 ejus,lides
767 4147 862 4202 crucis
873 4148 947 4217 ejus,
1039 4150 1079 4205 De
1104 4147 1150 4203 his
1176 4153 1273 4203 autern
1299 4147 1347 4219 qui
1372 4163 1430 4202 non
1456 4145 1614 4210 salvantur,
1632 4143 1710 4198 idem
1727 4145 1828 4197 auctor

124 4239 193 4300 fides
220 4239 328 4297 mertis
349 4243 379 4294 et
399 4236 622 4294 resurrectionis
648 4235 723 4307 ejus.
739 4235 871 4291 Habentes
886 4253 948 4308 erpo
1004 4238 1075 4294 dicit
1086 4236 1115 4292 in
1126 4235 1248 4292 homilia
1265 4252 1360 4291 nona:
1375 4235 1568 4289 «Notandum
1582 4231 1734 4303 veroquod
1748 4233 1826 4300 post·

125 4329 386 4400 mmderaspiritum
396 4325 474 4399 fidei,
489 4333 515 4382 et
528 4341 577 4381 aas
592 4324 728 4381 credimus
755 4325 950 4398 propterquod
1003 4343 1093 4400 quam
1105 4323 1561 4397 malaparentuindelunctorum
1574 4321 1694 4386 dixerat,
1707 4318 1828 4373 mittens

132 4419 308 4491 abachum.
326 4438 337 4466 ι
355 4416 391 4472 Et
405 4413 581 4470 venerabilis
596 4413 748 4486 presbyter
764 4413 841 4468 Beda
855 4411 884 4467 in
901 4430 948 4468 cx·
1004 4415 1176 4488 Prophetam
1195 4413 1230 4468 ad
1248 4412 1322 4468 filios
1350 4412 1439 4466 dicit:
1456 4413 1488 4468 st
1510 4411 1589 4484 sorte
1618 4409 1661 4464 eet
1691 4409 1748 4477 ipse·
1777 4423 1828 4462 aa·

135 4507 267 4578 positione
296 4503 445 4577 Evangelii
477 4504 560 4559 Lucae
576 4505 646 4574 (cop.
665 4502 689 4572 l)
708 4519 714 4555 ε
733 4524 746 4549 »
769 4503 801 4558 llt
815 4509 950 4558 convertat
976 4543 989 4549 -
1004 4506 1137 4575 divertet
1152 4504 1177 4558 si
1190 4501 1267 4576 sorte
1282 4500 1518 4574 qziieseameuid
1533 4503 1578 4554 est
1592 4498 1686 4553 dicere
1698 4495 1745 4551 eet
1759 4494 1829 4566 ipsi,

135 4595 201 4652 ardo
210 4603 325 4668 patrum
340 4595 369 4649 in
383 4593 467 4664 filies,
483 4599 509 4647 et
524 4590 697 4648 incredibiles
721 4589 756 4645 rut
774 4590 951 4662 prudentiam
965 4618 988 4682 D
1004 4594 1060 4650 nisi
1072 4592 1141 4664 quia
1151 4606 1251 4647 eorum
1270 4593 1378 4662 patres,
1391 4590 1442 4661 qui
1459 4589 1488 4643 in
1502 4588 1588 4661 eulpa
1602 4584 1732 4642 defuncti
1747 4588 1827 4651 sunt,

134 4683 264 4753 lateam,
288 4698 391 4755 parare
412 4681 528 4738 Domino
548 4678 654 4751 plebem
672 4680 829 4750 perfectura.
855 4679 948 4735 Corda
1003 4682 1105 4739 audire
1118 4678 1275 4735 uoluerunt
1286 4677 1299 4731 l
1312 4700 1325 4724 »ι
1336 4678 1371 4732 Et
1381 4676 1468 4749 paulo
1484 4681 1569 4749 post:
1589 4676 1650 4730 «Et
1665 4691 1717 4729 nes
1734 4672 1830 4728 adhue

137 4768 237 4842 neum
249 4771 282 4829 in
297 4771 375 4828 filios
389 4772 565 4836 convertere,
581 4771 626 4823 est
648 4765 810 4838 spiritalem
833 4771 948 4824 sancto·
1002 4773 1139 4843 parentes
1150 4766 1309 4823 nostrosad
1319 4766 1506 4838 iniquitatem
1519 4763 1719 4837 sequimur,ab
1729 4778 1829 4818 corum

136 4875 189 4918 rum
201 4861 394 4933 antiquorum
410 4857 563 4915 scientiam
580 4855 696 4929 populis
707 4855 892 4928 praedicando
907 4857 948 4911 in·
1003 4858 1127 4916 elatione
1138 4854 1363 4929 quamvidimus
1375 4873 1432 4911 non
1447 4858 1647 4922 mutamar3et
1658 4852 1698 4907 illi
1711 4850 1829 4923 quidem

136 4946 253 5007 bodera.
267 4947 426 5006 Prudentia
440 4963 507 5002 vero
517 4947 669 5017 justorum
685 4948 738 5012 est,
751 4960 809 4999 nen
826 4945 861 5000 de
877 4943 948 5018 legis
1003 4947 1079 5003 inter
1093 4945 1213 5019 gaudia,
1231 4961 1283 4999 nos
1298 4960 1375 5011 vero,
1393 4945 1470 5016 quod
1487 4947 1532 4999 est
1547 4940 1674 5015 gravius,
1687 4940 1763 4993 inter
1779 4936 1827 4991 lla·

136 5038 259 5109 operibus
270 5037 420 5111 justitiam
435 5051 621 5108 presumere,
634 5034 684 5089 sed
701 5049 735 5087 ex
750 5032 807 5088 fide
823 5032 949 5090 salutem
1004 5037 1080 5111 gella
1096 5050 1262 5108 peccamus.
1280 5033 1336 5087 Sed
1363 5049 1428 5088 ecre
1455 5033 1641 5103 omnipotens
1670 5029 1747 5083 Deus
1776 5022 1829 5076 ini-

135 5141 265 5198 querere:
285 5131 317 5182 ut
328 5125 464 5199 quamvis
476 5124 505 5178 iu
517 5122 579 5196 lege
589 5121 677 5194 positi
688 5120 761 5193 legis
768 5121 853 5192 jussa
863 5123 950 5193 perli-
1004 5126 1130 5199 quitates
1155 5121 1294 5194 judicans
1318 5122 1382 5192 jam
1412 5122 1523 5192 priores
1552 5122 1666 5175 nostros
1695 5108 1827 5176 abstulit,

134 5214 213 5281 aaut,
228 5217 324 5289 gratia
338 5231 369 5271 se
384 5218 483 5270 tamen
498 5211 549 5269 Dei
564 5228 616 5284 per
629 5210 779 5265 Christum
796 5208 952 5267 salvandos
1002 5216 1065 5287 jam
1081 5210 1275 5283 adjudicium
1299 5210 1411 5265 vocavit
1428 5228 1434 5265 :
1452 5228 1504 5264 nos
1526 5208 1621 5264 adhuc
1636 5204 1671 5260 ad
1688 5199 1828 5273 paeniten-

133 5301 299 5378 iutelligant.
312 5304 405 5361 duetus
420 5303 495 5358 enim
509 5318 543 5358 ee
557 5300 610 5372 fide
626 5300 701 5355 aierit.
718 5320 732 5347 a
748 5299 783 5353 Et
799 5298 899 5354 Petrus
914 5301 950 5356 de
1004 5302 1075 5358 tiam
1102 5302 1259 5371 exspectat,
1277 5315 1330 5353 nos
1356 5299 1390 5352 ad
1415 5297 1616 5353 revertendum
1641 5290 1785 5355 sustinet,
1802 5291 1830 5342 et

128 5388 949 5467 lugolegisait:Quodaequepatreenostrineqaeaoapor-
1005 5391 1056 5465 qui
1070 5390 1099 5446 in
1115 5389 1173 5444 illis
1184 5390 1247 5461 jam
1271 5387 1418 5459 judicium
1444 5381 1683 5452 exercuit,nobis
1706 5392 1829 5448 suapu·
1867 5423 1873 5432 .

130 5488 183 5539 lare
200 5479 406 5555 parameses
416 5496 466 5552 per
480 5481 597 5550 qratiam
612 5477 801 5556 Deraiaideea
813 5477 948 5534 eredimus
1003 5479 1113 5537 tientiae
1138 5477 1394 5551 longanimitatem
1420 5477 1571 5547 praerogat,
1590 5488 1624 5527 ne
1640 5486 1708 5524 cuni
1722 5465 1831 5522 nostris

127 5572 236 5636 ulmei,
265 5567 493 5643 quemadmodum
519 5575 543 5623 et
571 5567 617 5622 illi
641 5566 708 5634 (Act.
726 5581 771 5627 xv,
789 5566 842 5635 llll.
868 5567 903 5622 Et
918 5568 947 5623 iu
1004 5588 1057 5626 nos
1082 5566 1230 5641 prioribus
1260 5565 1373 5638 perdat,
1391 5558 1832 5633 (licens:Sifortevclipsiou-

127 5659 259 5719 emma
269 5661 399 5717 Aetuum
409 5655 656 5729 apestolorum,eu
666 5652 762 5711 verbis
775 5654 868 5711 saneti
880 5656 948 5713 Leo·
1001 5658 1088 5726 diunt,
1104 5664 1130 5713 et
1152 5659 1177 5711 si
1200 5656 1269 5725 sorte
1294 5653 1444 5723 quieseant,
1461 5652 1529 5724 quia
1553 5651 1652 5709 domm
1665 5659 1833 5721 exceperam
