<?xml version="1.0" encoding="UTF-8"?>
<!DOCTYPE html PUBLIC "-//W3C//DTD XHTML 1.0 Transitional//EN"
    "http://www.w3.org/TR/xhtml1/DTD/xhtml1-transitional.dtd">
<html xmlns="http://www.w3.org/1999/xhtml" xml:lang="en" lang="en">
 <head>
  <title>
</title>
<meta http-equiv="Content-Type" content="text/html;charset=utf-8" />
  <meta name='ocr-system' content='tesseract 3.04.00' />
  <meta name='ocr-capabilities' content='ocr_page ocr_carea ocr_par ocr_line ocrx_word'/>
</head>
<body>
  <div class='ocr_page' id='page_1' title='image "./patrologiaecurs46unkngoog_0477.png"; bbox 0 0 3810 6098; ppageno 0'>
   <div class='ocr_carea' id='block_1_1' title="bbox 96 283 155 358">
    <p class='ocr_par' dir='ltr' id='par_1_1' title="bbox 96 283 155 358">
     <span class='ocr_line' id='line_1_1' title="bbox 96 283 155 358; baseline 0.034 -2"><span class='ocrx_word' id='word_1_1' title='bbox 96 283 155 358; x_wconf 76' lang='lat' dir='ltr'><strong>eat</strong></span> 
     </span>
    </p>
   </div>
   <div class='ocr_carea' id='block_1_2' title="bbox 485 288 1417 353">
    <p class='ocr_par' dir='ltr' id='par_1_2' title="bbox 485 288 1417 353">
     <span class='ocr_line' id='line_1_2' title="bbox 485 288 1417 353; baseline -0.006 0"><span class='ocrx_word' id='word_1_2' title='bbox 485 290 679 353; x_wconf 81' lang='lat' dir='ltr'><strong>Hthlllllllll</strong></span> <span class='ocrx_word' id='word_1_3' title='bbox 705 290 823 352; x_wconf 76' lang='lat' dir='ltr'><strong>llllidlll.</strong></span> <span class='ocrx_word' id='word_1_4' title='bbox 849 288 1031 349; x_wconf 71' lang='lat' dir='ltr'><strong>atteritur.</strong></span> <span class='ocrx_word' id='word_1_5' title='bbox 1056 289 1260 351; x_wconf 83' lang='lat' dir='ltr'><strong>OPUSCULtl</strong></span> <span class='ocrx_word' id='word_1_6' title='bbox 1287 288 1417 348; x_wconf 78' lang='lat' dir='ltr'><strong>letld.</strong></span> 
     </span>
    </p>
   </div>
   <div class='ocr_carea' id='block_1_3' title="bbox 1749 285 1809 344">
    <p class='ocr_par' dir='ltr' id='par_1_3' title="bbox 1749 285 1809 344">
     <span class='ocr_line' id='line_1_3' title="bbox 1749 285 1809 344; baseline 0 -1"><span class='ocrx_word' id='word_1_7' title='bbox 1749 285 1809 344; x_wconf 78' lang='lat' dir='ltr'><strong>etl</strong></span> 
     </span>
    </p>
   </div>
   <div class='ocr_carea' id='block_1_4' title="bbox 91 418 1809 501">
    <p class='ocr_par' dir='ltr' id='par_1_4' title="bbox 91 418 1809 501">
     <span class='ocr_line' id='line_1_4' title="bbox 91 418 1809 501; baseline -0.007 -18"><span class='ocrx_word' id='word_1_8' title='bbox 91 430 156 501; x_wconf 74' lang='lat' dir='ltr'><strong>ejus</strong></span> <span class='ocrx_word' id='word_1_9' title='bbox 172 425 375 498; x_wconf 87' lang='lat' dir='ltr'><strong>inquictudine</strong></span> <span class='ocrx_word' id='word_1_10' title='bbox 390 423 592 479; x_wconf 78' lang='lat' dir='ltr'><strong>molestiarum</strong></span> <span class='ocrx_word' id='word_1_11' title='bbox 604 423 688 495; x_wconf 82' lang='lat' dir='ltr'>quasi</span> <span class='ocrx_word' id='word_1_12' title='bbox 701 437 840 478; x_wconf 89' lang='lat' dir='ltr'><strong>conversa</strong></span> <span class='ocrx_word' id='word_1_13' title='bbox 850 419 919 476; x_wconf 91' lang='lat' dir='ltr'><strong>allo·</strong></span> <span class='ocrx_word' id='word_1_14' title='bbox 932 423 959 486; x_wconf 71' lang='lat' dir='ltr'>A</span> <span class='ocrx_word' id='word_1_15' title='bbox 975 422 1171 491; x_wconf 75' lang='lat' dir='ltr'><strong>promittendo</strong></span> <span class='ocrx_word' id='word_1_16' title='bbox 1189 420 1247 475; x_wconf 92' lang='lat' dir='ltr'><strong>illis</strong></span> <span class='ocrx_word' id='word_1_17' title='bbox 1265 438 1271 475; x_wconf 90' lang='lat'>:</span> <span class='ocrx_word' id='word_1_18' title='bbox 1289 422 1341 488; x_wconf 75' lang='lat' dir='ltr'><strong>Qut</strong></span> <span class='ocrx_word' id='word_1_19' title='bbox 1360 421 1455 488; x_wconf 72' lang='lat' dir='ltr'><strong>‹titiqit</strong></span> <span class='ocrx_word' id='word_1_20' title='bbox 1478 435 1520 473; x_wconf 79' lang='lat' dir='ltr'><strong>rue</strong></span> <span class='ocrx_word' id='word_1_21' title='bbox 1544 418 1678 487; x_wconf 79' lang='lat' dir='ltr'><strong>diliqetvr</strong></span> <span class='ocrx_word' id='word_1_22' title='bbox 1693 433 1711 472; x_wconf 85' lang='lat' dir='ltr'><strong>a</strong></span> <span class='ocrx_word' id='word_1_23' title='bbox 1725 418 1809 472; x_wconf 84' lang='lat' dir='ltr'><strong>Putre</strong></span> 
     </span>
    </p>
   </div>
   <div class='ocr_carea' id='block_1_5' title="bbox 38 510 928 1738">
    <p class='ocr_par' dir='ltr' id='par_1_5' title="bbox 93 510 923 763">
     <span class='ocr_line' id='line_1_5' title="bbox 93 510 919 591; baseline -0.01 -18"><span class='ocrx_word' id='word_1_24' title='bbox 93 518 194 591; x_wconf 92' lang='lat' dir='ltr'><strong>quitur</strong></span> <span class='ocrx_word' id='word_1_25' title='bbox 209 534 215 570; x_wconf 95' lang='lat'>:</span> <span class='ocrx_word' id='word_1_26' title='bbox 235 516 339 581; x_wconf 79' lang='lat' dir='ltr'><strong>Laerta,</strong></span> <span class='ocrx_word' id='word_1_27' title='bbox 351 516 448 569; x_wconf 69' lang='lat' dir='ltr'><strong>cauma</strong></span> <span class='ocrx_word' id='word_1_28' title='bbox 463 530 533 579; x_wconf 76' lang='lat' dir='ltr'><strong>meir,</strong></span> <span class='ocrx_word' id='word_1_29' title='bbox 548 512 776 584; x_wconf 64' lang='lat' dir='ltr'><strong>dormivit-mquid</strong></span> <span class='ocrx_word' id='word_1_30' title='bbox 789 510 919 582; x_wconf 89' lang='lat' dir='ltr'><strong>estquod</strong></span> 
     </span>
     <span class='ocr_line' id='line_1_6' title="bbox 95 602 922 675; baseline -0.01 -14"><span class='ocrx_word' id='word_1_31' title='bbox 95 604 130 661; x_wconf 91' lang='lat' dir='ltr'><strong>de</strong></span> <span class='ocrx_word' id='word_1_32' title='bbox 145 605 211 660; x_wconf 90' lang='lat' dir='ltr'><strong>aliis</strong></span> <span class='ocrx_word' id='word_1_33' title='bbox 226 605 314 660; x_wconf 90' lang='lat' dir='ltr'><strong>rebus</strong></span> <span class='ocrx_word' id='word_1_34' title='bbox 337 603 467 675; x_wconf 69' lang='lat' dir='ltr'><strong>satagis?</strong></span> <span class='ocrx_word' id='word_1_35' title='bbox 483 602 553 673; x_wconf 89' lang='lat' dir='ltr'><strong>quid</strong></span> <span class='ocrx_word' id='word_1_36' title='bbox 576 608 620 656; x_wconf 83' lang='lat' dir='ltr'><strong>est</strong></span> <span class='ocrx_word' id='word_1_37' title='bbox 644 602 720 674; x_wconf 84' lang='lat' dir='ltr'><strong>quod</strong></span> <span class='ocrx_word' id='word_1_38' title='bbox 749 606 775 655; x_wconf 91' lang='lat' dir='ltr'><strong>te</strong></span> <span class='ocrx_word' id='word_1_39' title='bbox 799 603 922 671; x_wconf 84' lang='lat' dir='ltr'><strong>occupat</strong></span> 
     </span>
     <span class='ocr_line' id='line_1_7' title="bbox 95 689 923 763; baseline -0.01 -13"><span class='ocrx_word' id='word_1_40' title='bbox 95 712 167 750; x_wconf 90' lang='lat' dir='ltr'><strong>cura</strong></span> <span class='ocrx_word' id='word_1_41' title='bbox 181 710 279 750; x_wconf 90' lang='lat' dir='ltr'><strong>rerum</strong></span> <span class='ocrx_word' id='word_1_42' title='bbox 293 696 476 748; x_wconf 89' lang='lat' dir='ltr'><strong>terrenarum</strong></span> <span class='ocrx_word' id='word_1_43' title='bbox 493 695 581 763; x_wconf 90' lang='lat' dir='ltr'><strong>atque</strong></span> <span class='ocrx_word' id='word_1_44' title='bbox 598 689 768 745; x_wconf 78' lang='lat' dir='ltr'>mortalium</span> <span class='ocrx_word' id='word_1_45' title='bbox 779 690 793 744; x_wconf 65' lang='grc' dir='ltr'><strong>ἱ)</strong></span> <span class='ocrx_word' id='word_1_46' title='bbox 804 690 855 744; x_wconf 87' lang='lat' dir='ltr'><strong>Sta</strong></span> <span class='ocrx_word' id='word_1_47' title='bbox 866 705 923 743; x_wconf 90' lang='lat' dir='ltr'><strong>me·</strong></span> 
     </span>
    </p>

    <p class='ocr_par' dir='ltr' id='par_1_6' title="bbox 38 778 928 1738">
     <span class='ocr_line' id='line_1_8' title="bbox 97 778 922 851; baseline -0.007 -14"><span class='ocrx_word' id='word_1_48' title='bbox 97 783 267 848; x_wconf 87' lang='lat' dir='ltr'><strong>eum,lauda</strong></span> <span class='ocrx_word' id='word_1_49' title='bbox 281 780 488 836; x_wconf 77' lang='lat' dir='ltr'><strong>llomiuumlit</strong></span> <span class='ocrx_word' id='word_1_50' title='bbox 502 779 587 851; x_wconf 82' lang='lat' dir='ltr'>quasi</span> <span class='ocrx_word' id='word_1_51' title='bbox 602 780 667 851; x_wconf 89' lang='lat' dir='ltr'><strong>ipsa</strong></span> <span class='ocrx_word' id='word_1_52' title='bbox 683 778 781 833; x_wconf 85' lang='lat' dir='ltr'><strong>auimo</strong></span> <span class='ocrx_word' id='word_1_53' title='bbox 798 794 922 849; x_wconf 76' lang='lat' dir='ltr'><strong>pregra-</strong></span> 
     </span>
     <span class='ocr_line' id='line_1_9' title="bbox 38 857 922 938; baseline -0.01 -10"><span class='ocrx_word' id='word_1_54' title='bbox 38 857 41 862; x_wconf 39' lang='lat'><strong>⁴</strong></span> <span class='ocrx_word' id='word_1_55' title='bbox 96 876 173 937; x_wconf 89' lang='lat' dir='ltr'><strong>vata,</strong></span> <span class='ocrx_word' id='word_1_56' title='bbox 190 875 219 926; x_wconf 90' lang='lat' dir='ltr'><strong>et</strong></span> <span class='ocrx_word' id='word_1_57' title='bbox 234 887 291 926; x_wconf 89' lang='lat' dir='ltr'><strong>non</strong></span> <span class='ocrx_word' id='word_1_58' title='bbox 307 869 406 925; x_wconf 87' lang='lat' dir='ltr'><strong>valens</strong></span> <span class='ocrx_word' id='word_1_59' title='bbox 422 869 462 923; x_wconf 89' lang='lat' dir='ltr'><strong>ite</strong></span> <span class='ocrx_word' id='word_1_60' title='bbox 487 868 646 923; x_wconf 80' lang='lat' dir='ltr'><strong>consistere</strong></span> <span class='ocrx_word' id='word_1_61' title='bbox 671 872 704 921; x_wconf 91' lang='lat' dir='ltr'><strong>ut</strong></span> <span class='ocrx_word' id='word_1_62' title='bbox 727 867 849 938; x_wconf 82' lang='lat' dir='ltr'><strong>dignum</strong></span> <span class='ocrx_word' id='word_1_63' title='bbox 867 869 922 932; x_wconf 87' lang='lat' dir='ltr'><strong>cst,</strong></span> 
     </span>
     <span class='ocr_line' id='line_1_10' title="bbox 99 953 923 1032; baseline -0.011 -16"><span class='ocrx_word' id='word_1_64' title='bbox 99 960 255 1032; x_wconf 79' lang='lat' dir='ltr'><strong>respondet</strong></span> <span class='ocrx_word' id='word_1_65' title='bbox 269 957 379 1013; x_wconf 88' lang='lat' dir='ltr'><strong>menti:</strong></span> <span class='ocrx_word' id='word_1_66' title='bbox 393 957 482 1012; x_wconf 71' lang='lat' dir='ltr'><strong>Laride</strong></span> <span class='ocrx_word' id='word_1_67' title='bbox 499 958 643 1011; x_wconf 77' lang='lat' dir='ltr'><strong>Deraiaam</strong></span> <span class='ocrx_word' id='word_1_68' title='bbox 658 958 688 1010; x_wconf 85' lang='lat' dir='ltr'><strong>ia</strong></span> <span class='ocrx_word' id='word_1_69' title='bbox 704 957 760 1010; x_wconf 87' lang='lat' dir='ltr'><strong>uite</strong></span> <span class='ocrx_word' id='word_1_70' title='bbox 774 953 923 1020; x_wconf 73' lang='lat' dir='ltr'><strong>aseraQuid</strong></span> 
     </span>
     <span class='ocr_line' id='line_1_11' title="bbox 99 1045 922 1118; baseline -0.009 -14"><span class='ocrx_word' id='word_1_71' title='bbox 99 1053 144 1104; x_wconf 89' lang='lat' dir='ltr'><strong>est</strong></span> <span class='ocrx_word' id='word_1_72' title='bbox 158 1047 188 1103; x_wconf 92' lang='lat' dir='ltr'><strong>in</strong></span> <span class='ocrx_word' id='word_1_73' title='bbox 202 1049 263 1103; x_wconf 91' lang='lat' dir='ltr'><strong>vita</strong></span> <span class='ocrx_word' id='word_1_74' title='bbox 284 1045 453 1118; x_wconf 75' lang='lat' dir='ltr'><strong>meatquia</strong></span> <span class='ocrx_word' id='word_1_75' title='bbox 478 1045 564 1100; x_wconf 88' lang='lat' dir='ltr'><strong>modo</strong></span> <span class='ocrx_word' id='word_1_76' title='bbox 588 1045 617 1099; x_wconf 86' lang='lat' dir='ltr'><strong>io</strong></span> <span class='ocrx_word' id='word_1_77' title='bbox 643 1049 736 1100; x_wconf 91' lang='lat' dir='ltr'><strong>morte</strong></span> <span class='ocrx_word' id='word_1_78' title='bbox 760 1060 824 1098; x_wconf 89' lang='lat' dir='ltr'><strong>mea</strong></span> <span class='ocrx_word' id='word_1_79' title='bbox 845 1060 922 1097; x_wconf 87' lang='lat' dir='ltr'><strong>sum.</strong></span> 
     </span>
     <span class='ocr_line' id='line_1_12' title="bbox 99 1133 923 1210; baseline -0.007 -18"><span class='ocrx_word' id='word_1_80' title='bbox 99 1137 175 1210; x_wconf 75' lang='lat' dir='ltr'><strong>Ergo</strong></span> <span class='ocrx_word' id='word_1_81' title='bbox 188 1136 270 1208; x_wconf 89' lang='lat' dir='ltr'><strong>prius</strong></span> <span class='ocrx_word' id='word_1_82' title='bbox 285 1136 436 1192; x_wconf 85' lang='lat' dir='ltr'><strong>exhortare</strong></span> <span class='ocrx_word' id='word_1_83' title='bbox 452 1139 490 1199; x_wconf 90' lang='lat' dir='ltr'><strong>te,</strong></span> <span class='ocrx_word' id='word_1_84' title='bbox 507 1137 535 1189; x_wconf 90' lang='lat' dir='ltr'><strong>ct</strong></span> <span class='ocrx_word' id='word_1_85' title='bbox 548 1133 613 1188; x_wconf 91' lang='lat' dir='ltr'><strong>dic:</strong></span> <span class='ocrx_word' id='word_1_86' title='bbox 630 1134 729 1201; x_wconf 74' lang='lat' dir='ltr'><strong>triade,</strong></span> <span class='ocrx_word' id='word_1_87' title='bbox 747 1135 840 1188; x_wconf 80' lang='lat' dir='ltr'><strong>enirm</strong></span> <span class='ocrx_word' id='word_1_88' title='bbox 854 1149 923 1202; x_wconf 75' lang='lat' dir='ltr'><strong>ineu,</strong></span> 
     </span>
     <span class='ocr_line' id='line_1_13' title="bbox 102 1222 924 1296; baseline -0.006 -15"><span class='ocrx_word' id='word_1_89' title='bbox 102 1224 431 1296; x_wconf 69' lang='lat' dir='ltr'><strong>Deiainumdtcspondet</strong></span> <span class='ocrx_word' id='word_1_90' title='bbox 447 1222 499 1277; x_wconf 90' lang='lat' dir='ltr'><strong>tibi</strong></span> <span class='ocrx_word' id='word_1_91' title='bbox 514 1223 613 1277; x_wconf 87' lang='lat' dir='ltr'><strong>anima</strong></span> <span class='ocrx_word' id='word_1_92' title='bbox 629 1228 678 1278; x_wconf 92' lang='lat' dir='ltr'><strong>tua</strong></span> <span class='ocrx_word' id='word_1_93' title='bbox 693 1240 700 1277; x_wconf 74' lang='grc' dir='ltr'><strong>ι</strong></span> <span class='ocrx_word' id='word_1_94' title='bbox 718 1224 816 1278; x_wconf 89' lang='lat' dir='ltr'><strong>Laudo</strong></span> <span class='ocrx_word' id='word_1_95' title='bbox 832 1240 924 1295; x_wconf 89' lang='lat' dir='ltr'><strong>quan-</strong></span> 
     </span>
     <span class='ocr_line' id='line_1_14' title="bbox 102 1310 926 1384; baseline -0.002 -16"><span class='ocrx_word' id='word_1_96' title='bbox 102 1318 165 1369; x_wconf 92' lang='lat' dir='ltr'><strong>tum</strong></span> <span class='ocrx_word' id='word_1_97' title='bbox 191 1329 322 1384; x_wconf 88' lang='lat' dir='ltr'><strong>possum,</strong></span> <span class='ocrx_word' id='word_1_98' title='bbox 339 1310 475 1379; x_wconf 91' lang='lat' dir='ltr'><strong>tenuiter,</strong></span> <span class='ocrx_word' id='word_1_99' title='bbox 492 1310 613 1376; x_wconf 86' lang='lat' dir='ltr'><strong>exiliter,</strong></span> <span class='ocrx_word' id='word_1_100' title='bbox 630 1311 794 1366; x_wconf 78' lang='lat' dir='ltr'><strong>infirmiter.</strong></span> <span class='ocrx_word' id='word_1_101' title='bbox 811 1310 926 1377; x_wconf 74' lang='lat' dir='ltr'><strong>Quare?</strong></span> 
     </span>
     <span class='ocr_line' id='line_1_15' title="bbox 101 1399 928 1473; baseline -0.002 -17"><span class='ocrx_word' id='word_1_102' title='bbox 101 1401 170 1473; x_wconf 89' lang='lat' dir='ltr'><strong>quia</strong></span> <span class='ocrx_word' id='word_1_103' title='bbox 195 1399 324 1473; x_wconf 86' lang='lat' dir='ltr'><strong>quandin</strong></span> <span class='ocrx_word' id='word_1_104' title='bbox 351 1417 454 1454; x_wconf 89' lang='lat' dir='ltr'><strong>sumus</strong></span> <span class='ocrx_word' id='word_1_105' title='bbox 479 1400 508 1454; x_wconf 91' lang='lat' dir='ltr'><strong>in</strong></span> <span class='ocrx_word' id='word_1_106' title='bbox 529 1417 658 1472; x_wconf 89' lang='lat' dir='ltr'><strong>corpore,</strong></span> <span class='ocrx_word' id='word_1_107' title='bbox 676 1399 928 1472; x_wconf 84' lang='lat' dir='ltr'><strong>peregrinamura</strong></span> 
     </span>
     <span class='ocr_line' id='line_1_16' title="bbox 102 1488 925 1562; baseline -0.001 -17"><span class='ocrx_word' id='word_1_108' title='bbox 102 1489 236 1546; x_wconf 85' lang='lat' dir='ltr'><strong>Domine.</strong></span> <span class='ocrx_word' id='word_1_109' title='bbox 253 1492 346 1556; x_wconf 83' lang='lat' dir='ltr'><strong>Quare</strong></span> <span class='ocrx_word' id='word_1_110' title='bbox 361 1489 403 1545; x_wconf 91' lang='lat' dir='ltr'><strong>sic</strong></span> <span class='ocrx_word' id='word_1_111' title='bbox 419 1489 522 1544; x_wconf 90' lang='lat' dir='ltr'><strong>laudas</strong></span> <span class='ocrx_word' id='word_1_112' title='bbox 540 1488 706 1559; x_wconf 85' lang='lat' dir='ltr'><strong>Dominum,</strong></span> <span class='ocrx_word' id='word_1_113' title='bbox 717 1507 773 1544; x_wconf 91' lang='lat' dir='ltr'><strong>nou</strong></span> <span class='ocrx_word' id='word_1_114' title='bbox 791 1490 925 1562; x_wconf 75' lang='lat' dir='ltr'><strong>perfecie,</strong></span> 
     </span>
     <span class='ocr_line' id='line_1_17' title="bbox 103 1576 928 1651; baseline 0 -18"><span class='ocrx_word' id='word_1_115' title='bbox 103 1595 160 1634; x_wconf 90' lang='lat' dir='ltr'><strong>uon</strong></span> <span class='ocrx_word' id='word_1_116' title='bbox 183 1576 348 1633; x_wconf 87' lang='lat' dir='ltr'><strong>stabiliter‘l</strong></span> <span class='ocrx_word' id='word_1_117' title='bbox 374 1577 523 1650; x_wconf 89' lang='lat' dir='ltr'><strong>Interroga</strong></span> <span class='ocrx_word' id='word_1_118' title='bbox 546 1577 737 1649; x_wconf 86' lang='lat' dir='ltr'><strong>Scripturam‚</strong></span> <span class='ocrx_word' id='word_1_119' title='bbox 757 1578 806 1649; x_wconf 90' lang='lat' dir='ltr'><strong>qui</strong></span> <span class='ocrx_word' id='word_1_120' title='bbox 832 1594 928 1651; x_wconf 81' lang='lat' dir='ltr'><strong>eorpus</strong></span> 
     </span>
     <span class='ocr_line' id='line_1_18' title="bbox 102 1659 928 1738; baseline -0.001 -16"><span class='ocrx_word' id='word_1_121' title='bbox 102 1666 173 1738; x_wconf 80' lang='lat' dir='ltr'><strong>qued</strong></span> <span class='ocrx_word' id='word_1_122' title='bbox 185 1659 371 1737; x_wconf 76' lang='lat' dir='ltr'><strong>corrumpitur</strong></span> <span class='ocrx_word' id='word_1_123' title='bbox 384 1676 517 1738; x_wconf 74' lang='lat' dir='ltr'><strong>approbet</strong></span> <span class='ocrx_word' id='word_1_124' title='bbox 534 1669 666 1734; x_wconf 72' lang='lat' dir='ltr'><strong>antinum,</strong></span> <span class='ocrx_word' id='word_1_125' title='bbox 683 1676 708 1722; x_wconf 88' lang='lat' dir='ltr'><strong>et</strong></span> <span class='ocrx_word' id='word_1_126' title='bbox 721 1667 850 1738; x_wconf 79' lang='lat' dir='ltr'><strong>vteprimit</strong></span> <span class='ocrx_word' id='word_1_127' title='bbox 873 1676 928 1722; x_wconf 87' lang='lat' dir='ltr'><strong>ter-</strong></span> 
     </span>
    </p>
   </div>
   <div class='ocr_carea' id='block_1_6' title="bbox 976 507 1845 1738">
    <p class='ocr_par' dir='ltr' id='par_1_7' title="bbox 976 507 1845 1738">
     <span class='ocr_line' id='line_1_19' title="bbox 976 507 1809 579; baseline -0.004 -17"><span class='ocrx_word' id='word_1_128' title='bbox 976 525 1044 576; x_wconf 79' lang='lat' dir='ltr'><strong>iaca,</strong></span> <span class='ocrx_word' id='word_1_129' title='bbox 1060 515 1146 577; x_wconf 79' lang='lat' dir='ltr'><strong>clepo</strong></span> <span class='ocrx_word' id='word_1_130' title='bbox 1162 509 1278 577; x_wconf 77' lang='lat' dir='ltr'><strong>dilipem</strong></span> <span class='ocrx_word' id='word_1_131' title='bbox 1295 526 1367 573; x_wconf 70' lang='lat' dir='ltr'><strong>casm,</strong></span> <span class='ocrx_word' id='word_1_132' title='bbox 1382 516 1408 563; x_wconf 88' lang='lat' dir='ltr'><strong>rt</strong></span> <span class='ocrx_word' id='word_1_133' title='bbox 1422 507 1602 579; x_wconf 69' lang='lat' dir='ltr'><strong>narrarisrstodo</strong></span> <span class='ocrx_word' id='word_1_134' title='bbox 1619 508 1753 577; x_wconf 65' lang='lat' dir='ltr'><strong>semipsum</strong></span> <span class='ocrx_word' id='word_1_135' title='bbox 1766 507 1809 560; x_wconf 86' lang='lat' dir='ltr'><strong>illi</strong></span> 
     </span>
     <span class='ocr_line' id='line_1_20' title="bbox 977 594 1807 668; baseline -0.005 -16"><span class='ocrx_word' id='word_1_136' title='bbox 977 597 1068 668; x_wconf 76' lang='lat' dir='ltr'><strong>(teari.</strong></span> <span class='ocrx_word' id='word_1_137' title='bbox 1086 616 1143 664; x_wconf 82' lang='lat' dir='ltr'><strong>xiv,</strong></span> <span class='ocrx_word' id='word_1_138' title='bbox 1159 599 1215 666; x_wconf 77' lang='lat' dir='ltr'><strong>el).</strong></span> <span class='ocrx_word' id='word_1_139' title='bbox 1233 598 1267 652; x_wconf 75' lang='lat' dir='ltr'><strong>Et</strong></span> <span class='ocrx_word' id='word_1_140' title='bbox 1283 615 1339 652; x_wconf 89' lang='lat' dir='ltr'><strong>nou</strong></span> <span class='ocrx_word' id='word_1_141' title='bbox 1357 597 1453 651; x_wconf 86' lang='lat' dir='ltr'><strong>solum</strong></span> <span class='ocrx_word' id='word_1_142' title='bbox 1469 613 1510 659; x_wconf 89' lang='lat' dir='ltr'><strong>sc,</strong></span> <span class='ocrx_word' id='word_1_143' title='bbox 1521 597 1570 650; x_wconf 92' lang='lat' dir='ltr'><strong>sed</strong></span> <span class='ocrx_word' id='word_1_144' title='bbox 1587 596 1676 650; x_wconf 87' lang='lat' dir='ltr'><strong>etiam</strong></span> <span class='ocrx_word' id='word_1_145' title='bbox 1697 594 1807 649; x_wconf 89' lang='lat' dir='ltr'><strong>Patrem</strong></span> 
     </span>
     <span class='ocr_line' id='line_1_21' title="bbox 976 683 1807 758; baseline -0.001 -19"><span class='ocrx_word' id='word_1_146' title='bbox 976 688 1005 739; x_wconf 90' lang='lat' dir='ltr'><strong>et</strong></span> <span class='ocrx_word' id='word_1_147' title='bbox 1020 685 1161 758; x_wconf 84' lang='lat' dir='ltr'><strong>Spiritum</strong></span> <span class='ocrx_word' id='word_1_148' title='bbox 1179 691 1323 753; x_wconf 84' lang='lat' dir='ltr'><strong>sanctum,</strong></span> <span class='ocrx_word' id='word_1_149' title='bbox 1336 685 1560 756; x_wconf 87' lang='lat' dir='ltr'><strong>inseparabilem</strong></span> <span class='ocrx_word' id='word_1_150' title='bbox 1573 684 1687 738; x_wconf 87' lang='lat' dir='ltr'><strong>scilicet</strong></span> <span class='ocrx_word' id='word_1_151' title='bbox 1698 683 1807 738; x_wconf 89' lang='lat' dir='ltr'><strong>trinum</strong></span> 
     </span>
     <span class='ocr_line' id='line_1_22' title="bbox 977 773 1806 846; baseline -0.002 -18"><span class='ocrx_word' id='word_1_152' title='bbox 977 773 1080 836; x_wconf 84' lang='lat' dir='ltr'><strong>Deum,</strong></span> <span class='ocrx_word' id='word_1_153' title='bbox 1099 774 1288 830; x_wconf 87' lang='lat' dir='ltr'><strong>dilectoribus</strong></span> <span class='ocrx_word' id='word_1_154' title='bbox 1305 775 1366 829; x_wconf 84' lang='lat' dir='ltr'><strong>suis</strong></span> <span class='ocrx_word' id='word_1_155' title='bbox 1382 774 1527 846; x_wconf 90' lang='lat' dir='ltr'><strong>promittit</strong></span> <span class='ocrx_word' id='word_1_156' title='bbox 1542 774 1729 838; x_wconf 75' lang='lat' dir='ltr'><strong>adiuturum,</strong></span> <span class='ocrx_word' id='word_1_157' title='bbox 1741 789 1806 827; x_wconf 92' lang='lat' dir='ltr'><strong>cum</strong></span> 
     </span>
     <span class='ocr_line' id='line_1_23' title="bbox 978 863 1810 936; baseline 0 -19"><span class='ocrx_word' id='word_1_158' title='bbox 978 863 1068 917; x_wconf 88' lang='lat' dir='ltr'><strong>dicit:</strong></span> <span class='ocrx_word' id='word_1_159' title='bbox 1082 865 1135 931; x_wconf 82' lang='lat' dir='ltr'><strong>Qvi</strong></span> <span class='ocrx_word' id='word_1_160' title='bbox 1154 864 1248 936; x_wconf 76' lang='lat' dir='ltr'><strong>‹titipit</strong></span> <span class='ocrx_word' id='word_1_161' title='bbox 1271 882 1323 931; x_wconf 74' lang='lat' dir='ltr'><strong>rire,</strong></span> <span class='ocrx_word' id='word_1_162' title='bbox 1348 879 1500 919; x_wconf 75' lang='lat' dir='ltr'><strong>sennonem</strong></span> <span class='ocrx_word' id='word_1_163' title='bbox 1522 880 1612 918; x_wconf 73' lang='lat' dir='ltr'><strong>cacam</strong></span> <span class='ocrx_word' id='word_1_164' title='bbox 1637 864 1769 928; x_wconf 77' lang='lat' dir='ltr'><strong>rerrratit,</strong></span> <span class='ocrx_word' id='word_1_165' title='bbox 1786 871 1810 917; x_wconf 85' lang='lat' dir='ltr'><strong>rt</strong></span> 
     </span>
     <span class='ocr_line' id='line_1_24' title="bbox 978 954 1809 1025; baseline 0.001 -18"><span class='ocrx_word' id='word_1_166' title='bbox 978 954 1060 1008; x_wconf 86' lang='lat' dir='ltr'><strong>Pater</strong></span> <span class='ocrx_word' id='word_1_167' title='bbox 1073 970 1149 1010; x_wconf 81' lang='lat' dir='ltr'><strong>meas</strong></span> <span class='ocrx_word' id='word_1_168' title='bbox 1163 954 1259 1025; x_wconf 77' lang='lat' dir='ltr'><strong>‹titipet</strong></span> <span class='ocrx_word' id='word_1_169' title='bbox 1273 971 1345 1019; x_wconf 83' lang='lat' dir='ltr'><strong>eam,</strong></span> <span class='ocrx_word' id='word_1_170' title='bbox 1361 954 1433 1009; x_wconf 85' lang='lat' dir='ltr'><strong>etad</strong></span> <span class='ocrx_word' id='word_1_171' title='bbox 1448 971 1509 1009; x_wconf 85' lang='lat' dir='ltr'><strong>eum</strong></span> <span class='ocrx_word' id='word_1_172' title='bbox 1525 954 1675 1016; x_wconf 78' lang='lat' dir='ltr'><strong>veniemus,</strong></span> <span class='ocrx_word' id='word_1_173' title='bbox 1692 961 1718 1007; x_wconf 86' lang='lat' dir='ltr'><strong>et</strong></span> <span class='ocrx_word' id='word_1_174' title='bbox 1733 970 1809 1008; x_wconf 77' lang='lat' dir='ltr'><strong>mira·</strong></span> 
     </span>
     <span class='ocr_line' id='line_1_25' title="bbox 978 1041 1810 1116; baseline 0 -20"><span class='ocrx_word' id='word_1_175' title='bbox 978 1044 1082 1097; x_wconf 80' lang='lat' dir='ltr'><strong>sionem</strong></span> <span class='ocrx_word' id='word_1_176' title='bbox 1097 1043 1170 1115; x_wconf 83' lang='lat' dir='ltr'><strong>opud</strong></span> <span class='ocrx_word' id='word_1_177' title='bbox 1184 1060 1246 1098; x_wconf 76' lang='lat' dir='ltr'><strong>earn</strong></span> <span class='ocrx_word' id='word_1_178' title='bbox 1260 1046 1394 1116; x_wconf 72' lang='lat' dir='ltr'><strong>[artemas</strong></span> <span class='ocrx_word' id='word_1_179' title='bbox 1410 1043 1500 1114; x_wconf 73' lang='lat' dir='ltr'><strong>(ibid,</strong></span> <span class='ocrx_word' id='word_1_180' title='bbox 1517 1042 1574 1113; x_wconf 76' lang='lat'>23).</span> <span class='ocrx_word' id='word_1_181' title='bbox 1592 1042 1648 1097; x_wconf 85' lang='lat' dir='ltr'><strong>Sed</strong></span> <span class='ocrx_word' id='word_1_182' title='bbox 1662 1047 1692 1096; x_wconf 90' lang='lat' dir='ltr'><strong>et</strong></span> <span class='ocrx_word' id='word_1_183' title='bbox 1704 1042 1739 1096; x_wconf 88' lang='lat' dir='ltr'><strong>de</strong></span> <span class='ocrx_word' id='word_1_184' title='bbox 1751 1041 1810 1114; x_wconf 89' lang='lat' dir='ltr'><strong>Spi-</strong></span> 
     </span>
     <span class='ocr_line' id='line_1_26' title="bbox 980 1131 1809 1203; baseline -0.004 -16"><span class='ocrx_word' id='word_1_185' title='bbox 980 1131 1037 1187; x_wconf 88' lang='lat' dir='ltr'><strong>ritu</strong></span> <span class='ocrx_word' id='word_1_186' title='bbox 1059 1135 1160 1187; x_wconf 91' lang='lat' dir='ltr'><strong>sancto</strong></span> <span class='ocrx_word' id='word_1_187' title='bbox 1186 1131 1330 1203; x_wconf 88' lang='lat' dir='ltr'><strong>promittit</strong></span> <span class='ocrx_word' id='word_1_188' title='bbox 1355 1131 1431 1203; x_wconf 87' lang='lat' dir='ltr'><strong>quod</strong></span> <span class='ocrx_word' id='word_1_189' title='bbox 1457 1132 1534 1202; x_wconf 89' lang='lat' dir='ltr'><strong>apud</strong></span> <span class='ocrx_word' id='word_1_190' title='bbox 1560 1148 1610 1186; x_wconf 91' lang='lat' dir='ltr'><strong>eos</strong></span> <span class='ocrx_word' id='word_1_191' title='bbox 1634 1134 1809 1195; x_wconf 72' lang='lat' dir='ltr'><strong>mauratel</strong></span> 
     </span>
     <span class='ocr_line' id='line_1_27' title="bbox 980 1219 1810 1292; baseline -0.006 -14"><span class='ocrx_word' id='word_1_192' title='bbox 980 1224 1009 1278; x_wconf 94' lang='lat' dir='ltr'><strong>in</strong></span> <span class='ocrx_word' id='word_1_193' title='bbox 1025 1220 1066 1276; x_wconf 91' lang='lat' dir='ltr'><strong>cis</strong></span> <span class='ocrx_word' id='word_1_194' title='bbox 1081 1221 1128 1276; x_wconf 87' lang='lat' dir='ltr'><strong>sit.</strong></span> <span class='ocrx_word' id='word_1_195' title='bbox 1146 1221 1200 1276; x_wconf 86' lang='lat' dir='ltr'><strong>Sed</strong></span> <span class='ocrx_word' id='word_1_196' title='bbox 1216 1219 1276 1275; x_wconf 73' lang='lat' dir='ltr'><strong>hae</strong></span> <span class='ocrx_word' id='word_1_197' title='bbox 1292 1219 1363 1274; x_wconf 86' lang='lat' dir='ltr'><strong>visio</strong></span> <span class='ocrx_word' id='word_1_198' title='bbox 1380 1224 1478 1274; x_wconf 88' lang='lat' dir='ltr'><strong>utrum</strong></span> <span class='ocrx_word' id='word_1_199' title='bbox 1503 1236 1552 1292; x_wconf 88' lang='lat' dir='ltr'><strong>per</strong></span> <span class='ocrx_word' id='word_1_200' title='bbox 1576 1219 1679 1275; x_wconf 90' lang='lat' dir='ltr'><strong>oculos</strong></span> <span class='ocrx_word' id='word_1_201' title='bbox 1705 1235 1810 1290; x_wconf 91' lang='lat' dir='ltr'><strong>corpo-</strong></span> 
     </span>
     <span class='ocr_line' id='line_1_28' title="bbox 981 1307 1809 1381; baseline -0.005 -15"><span class='ocrx_word' id='word_1_202' title='bbox 981 1327 1045 1366; x_wconf 88' lang='lat' dir='ltr'><strong>reos</strong></span> <span class='ocrx_word' id='word_1_203' title='bbox 1059 1311 1119 1377; x_wconf 83' lang='lat' dir='ltr'><strong>fiat,</strong></span> <span class='ocrx_word' id='word_1_204' title='bbox 1135 1326 1170 1364; x_wconf 88' lang='lat' dir='ltr'><strong>an</strong></span> <span class='ocrx_word' id='word_1_205' title='bbox 1188 1308 1383 1379; x_wconf 68' lang='lat' dir='ltr'><strong>incorporem,</strong></span> <span class='ocrx_word' id='word_1_206' title='bbox 1400 1308 1492 1364; x_wconf 89' lang='lat' dir='ltr'><strong>multo</strong></span> <span class='ocrx_word' id='word_1_207' title='bbox 1508 1309 1632 1380; x_wconf 77' lang='lat' dir='ltr'><strong>quesita</strong></span> <span class='ocrx_word' id='word_1_208' title='bbox 1652 1307 1809 1381; x_wconf 82' lang='lat' dir='ltr'><strong>investige-</strong></span> 
     </span>
     <span class='ocr_line' id='line_1_29' title="bbox 982 1396 1830 1470; baseline 0 -16"><span class='ocrx_word' id='word_1_209' title='bbox 982 1403 1045 1454; x_wconf 91' lang='lat' dir='ltr'><strong>tum</strong></span> <span class='ocrx_word' id='word_1_210' title='bbox 1060 1403 1146 1466; x_wconf 70' lang='lat' dir='ltr'><strong>estet</strong></span> <span class='ocrx_word' id='word_1_211' title='bbox 1161 1415 1177 1452; x_wconf 93' lang='lat' dir='ltr'><strong>a</strong></span> <span class='ocrx_word' id='word_1_212' title='bbox 1192 1398 1301 1453; x_wconf 87' lang='lat' dir='ltr'><strong>sanctis</strong></span> <span class='ocrx_word' id='word_1_213' title='bbox 1318 1396 1452 1454; x_wconf 79' lang='lat' dir='ltr'><strong>Patribus</strong></span> <span class='ocrx_word' id='word_1_214' title='bbox 1468 1414 1514 1453; x_wconf 89' lang='lat' dir='ltr'><strong>res</strong></span> <span class='ocrx_word' id='word_1_215' title='bbox 1527 1402 1661 1466; x_wconf 90' lang='lat' dir='ltr'><strong>tanta,eo</strong></span> <span class='ocrx_word' id='word_1_216' title='bbox 1679 1399 1758 1470; x_wconf 91' lang='lat' dir='ltr'><strong>quod</strong></span> <span class='ocrx_word' id='word_1_217' title='bbox 1774 1397 1830 1454; x_wconf 73' lang='lat' dir='ltr'><strong>sit.</strong></span> 
     </span>
     <span class='ocr_line' id='line_1_30' title="bbox 981 1486 1845 1559; baseline -0.003 -15"><span class='ocrx_word' id='word_1_218' title='bbox 981 1488 1201 1554; x_wconf 90' lang='lat' dir='ltr'><strong>obscurissima,</strong></span> <span class='ocrx_word' id='word_1_219' title='bbox 1219 1488 1347 1542; x_wconf 82' lang='lat' dir='ltr'><strong>maxima</strong></span> <span class='ocrx_word' id='word_1_220' title='bbox 1362 1487 1559 1559; x_wconf 87' lang='lat' dir='ltr'><strong>disputatione</strong></span> <span class='ocrx_word' id='word_1_221' title='bbox 1576 1486 1845 1559; x_wconf 87' lang='lat' dir='ltr'><strong>pulsata.Dicen-</strong></span> 
     </span>
     <span class='ocr_line' id='line_1_31' title="bbox 982 1575 1833 1649; baseline 0.002 -18"><span class='ocrx_word' id='word_1_222' title='bbox 982 1577 1062 1632; x_wconf 89' lang='lat' dir='ltr'><strong>tibus</strong></span> <span class='ocrx_word' id='word_1_223' title='bbox 1078 1576 1153 1644; x_wconf 87' lang='lat' dir='ltr'><strong>aliis,</strong></span> <span class='ocrx_word' id='word_1_224' title='bbox 1171 1578 1248 1649; x_wconf 90' lang='lat' dir='ltr'><strong>quod</strong></span> <span class='ocrx_word' id='word_1_225' title='bbox 1264 1577 1341 1632; x_wconf 89' lang='lat' dir='ltr'><strong>Deus</strong></span> <span class='ocrx_word' id='word_1_226' title='bbox 1356 1575 1511 1632; x_wconf 89' lang='lat' dir='ltr'><strong>invisibilis</strong></span> <span class='ocrx_word' id='word_1_227' title='bbox 1526 1593 1585 1632; x_wconf 90' lang='lat' dir='ltr'><strong>non</strong></span> <span class='ocrx_word' id='word_1_228' title='bbox 1602 1579 1704 1648; x_wconf 87' lang='lat' dir='ltr'><strong>posset</strong></span> <span class='ocrx_word' id='word_1_229' title='bbox 1720 1576 1833 1633; x_wconf 68' lang='lat' dir='ltr'><strong>vider?</strong></span> 
     </span>
     <span class='ocr_line' id='line_1_32' title="bbox 983 1664 1833 1738; baseline 0.002 -18"><span class='ocrx_word' id='word_1_230' title='bbox 983 1684 1035 1738; x_wconf 90' lang='lat' dir='ltr'><strong>per</strong></span> <span class='ocrx_word' id='word_1_231' title='bbox 1063 1671 1227 1721; x_wconf 88' lang='lat' dir='ltr'><strong>creaturam</strong></span> <span class='ocrx_word' id='word_1_232' title='bbox 1256 1664 1402 1720; x_wconf 87' lang='lat' dir='ltr'><strong>visibilem</strong></span> <span class='ocrx_word' id='word_1_233' title='bbox 1432 1669 1520 1737; x_wconf 90' lang='lat' dir='ltr'><strong>atque</strong></span> <span class='ocrx_word' id='word_1_234' title='bbox 1548 1666 1833 1737; x_wconf 77' lang='lat' dir='ltr'><strong>corporeamzsetl</strong></span> 
     </span>
    </p>
   </div>
   <div class='ocr_carea' id='block_1_7' title="bbox 102 1754 1829 1856">
    <p class='ocr_par' dir='ltr' id='par_1_8' title="bbox 102 1754 1829 1856">
     <span class='ocr_line' id='line_1_33' title="bbox 102 1754 1829 1856; baseline 0.001 -46"><span class='ocrx_word' id='word_1_235' title='bbox 102 1770 171 1810; x_wconf 81' lang='lat' dir='ltr'><strong>rena</strong></span> <span class='ocrx_word' id='word_1_236' title='bbox 203 1755 366 1810; x_wconf 75' lang='lat' dir='ltr'><strong>inhabitatio</strong></span> <span class='ocrx_word' id='word_1_237' title='bbox 399 1771 509 1810; x_wconf 81' lang='lat' dir='ltr'><strong>sensum</strong></span> <span class='ocrx_word' id='word_1_238' title='bbox 540 1756 629 1810; x_wconf 84' lang='lat' dir='ltr'><strong>multu</strong></span> <span class='ocrx_word' id='word_1_239' title='bbox 661 1758 825 1824; x_wconf 76' lang='lat' dir='ltr'><strong>eoqitrratem</strong></span> <span class='ocrx_word' id='word_1_240' title='bbox 853 1757 927 1830; x_wconf 85' lang='lat' dir='ltr'><strong>(Sap.</strong></span> <span class='ocrx_word' id='word_1_241' title='bbox 943 1791 967 1856; x_wconf 75' lang='lat' dir='ltr'>B</span> <span class='ocrx_word' id='word_1_242' title='bbox 983 1756 1059 1827; x_wconf 90' lang='lat' dir='ltr'><strong>quod</strong></span> <span class='ocrx_word' id='word_1_243' title='bbox 1075 1754 1231 1826; x_wconf 75' lang='lat' dir='ltr'><strong>Apostolus</strong></span> <span class='ocrx_word' id='word_1_244' title='bbox 1248 1755 1435 1809; x_wconf 85' lang='lat' dir='ltr'><strong>dicit:Nuae</strong></span> <span class='ocrx_word' id='word_1_245' title='bbox 1446 1771 1496 1825; x_wconf 89' lang='lat' dir='ltr'><strong>per</strong></span> <span class='ocrx_word' id='word_1_246' title='bbox 1519 1754 1662 1826; x_wconf 84' lang='lat' dir='ltr'><strong>speculam</strong></span> <span class='ocrx_word' id='word_1_247' title='bbox 1678 1757 1709 1811; x_wconf 83' lang='lat' dir='ltr'><strong>ia</strong></span> <span class='ocrx_word' id='word_1_248' title='bbox 1724 1758 1829 1825; x_wconf 70' lang='lat' dir='ltr'><strong>amie-</strong></span> 
     </span>
    </p>
   </div>
   <div class='ocr_carea' id='block_1_8' title="bbox 104 1841 931 2433">
    <p class='ocr_par' dir='ltr' id='par_1_9' title="bbox 104 1841 931 2433">
     <span class='ocr_line' id='line_1_34' title="bbox 104 1841 928 1917; baseline 0.001 -19"><span class='ocrx_word' id='word_1_249' title='bbox 104 1859 142 1910; x_wconf 84' lang='lat' dir='ltr'><strong>1x,</strong></span> <span class='ocrx_word' id='word_1_250' title='bbox 161 1844 214 1912; x_wconf 84' lang='lat'>15).</span> <span class='ocrx_word' id='word_1_251' title='bbox 232 1842 312 1899; x_wconf 88' lang='lat' dir='ltr'><strong>Tollo</strong></span> <span class='ocrx_word' id='word_1_252' title='bbox 328 1841 399 1898; x_wconf 91' lang='lat' dir='ltr'><strong>mihi</strong></span> <span class='ocrx_word' id='word_1_253' title='bbox 415 1859 521 1915; x_wconf 91' lang='lat' dir='ltr'><strong>corpus</strong></span> <span class='ocrx_word' id='word_1_254' title='bbox 533 1843 611 1914; x_wconf 93' lang='lat' dir='ltr'><strong>quod</strong></span> <span class='ocrx_word' id='word_1_255' title='bbox 627 1849 766 1917; x_wconf 81' lang='lat' dir='ltr'><strong>aggravat</strong></span> <span class='ocrx_word' id='word_1_256' title='bbox 787 1846 928 1912; x_wconf 89' lang='lat' dir='ltr'><strong>animam,</strong></span> 
     </span>
     <span class='ocr_line' id='line_1_35' title="bbox 104 1932 931 1990; baseline 0.002 -3"><span class='ocrx_word' id='word_1_257' title='bbox 104 1936 133 1988; x_wconf 88' lang='lat' dir='ltr'><strong>et</strong></span> <span class='ocrx_word' id='word_1_258' title='bbox 147 1932 235 1988; x_wconf 89' lang='lat' dir='ltr'><strong>laudo</strong></span> <span class='ocrx_word' id='word_1_259' title='bbox 252 1932 419 1988; x_wconf 85' lang='lat' dir='ltr'><strong>Dominum.</strong></span> <span class='ocrx_word' id='word_1_260' title='bbox 432 1932 512 1988; x_wconf 84' lang='lat' dir='ltr'><strong>Tolle</strong></span> <span class='ocrx_word' id='word_1_261' title='bbox 528 1932 601 1988; x_wconf 93' lang='lat' dir='ltr'><strong>mihi</strong></span> <span class='ocrx_word' id='word_1_262' title='bbox 618 1937 763 1989; x_wconf 89' lang='lat' dir='ltr'><strong>terrenam</strong></span> <span class='ocrx_word' id='word_1_263' title='bbox 780 1933 931 1990; x_wconf 88' lang='lat' dir='ltr'><strong>habitatio·</strong></span> 
     </span>
     <span class='ocr_line' id='line_1_36' title="bbox 105 2021 930 2096; baseline 0.005 -20"><span class='ocrx_word' id='word_1_264' title='bbox 105 2037 173 2076; x_wconf 91' lang='lat' dir='ltr'><strong>nem</strong></span> <span class='ocrx_word' id='word_1_265' title='bbox 188 2021 399 2093; x_wconf 80' lang='lat' dir='ltr'><strong>deprimentem</strong></span> <span class='ocrx_word' id='word_1_266' title='bbox 423 2037 544 2077; x_wconf 88' lang='lat' dir='ltr'><strong>sensum</strong></span> <span class='ocrx_word' id='word_1_267' title='bbox 560 2021 654 2078; x_wconf 91' lang='lat' dir='ltr'><strong>multa</strong></span> <span class='ocrx_word' id='word_1_268' title='bbox 669 2023 856 2096; x_wconf 73' lang='lat' dir='ltr'><strong>cogitantem,</strong></span> <span class='ocrx_word' id='word_1_269' title='bbox 870 2028 899 2079; x_wconf 90' lang='lat' dir='ltr'><strong>et</strong></span> <span class='ocrx_word' id='word_1_270' title='bbox 914 2042 930 2080; x_wconf 91' lang='lat' dir='ltr'><strong>a</strong></span> 
     </span>
     <span class='ocr_line' id='line_1_37' title="bbox 106 2107 929 2168; baseline 0.004 -3"><span class='ocrx_word' id='word_1_271' title='bbox 106 2107 208 2165; x_wconf 87' lang='lat' dir='ltr'><strong>multis</strong></span> <span class='ocrx_word' id='word_1_272' title='bbox 222 2109 252 2163; x_wconf 93' lang='lat' dir='ltr'><strong>in</strong></span> <span class='ocrx_word' id='word_1_273' title='bbox 273 2126 364 2165; x_wconf 89' lang='lat' dir='ltr'><strong>uuum</strong></span> <span class='ocrx_word' id='word_1_274' title='bbox 390 2111 535 2165; x_wconf 91' lang='lat' dir='ltr'><strong>conlluam</strong></span> <span class='ocrx_word' id='word_1_275' title='bbox 561 2115 593 2165; x_wconf 92' lang='lat' dir='ltr'><strong>ut</strong></span> <span class='ocrx_word' id='word_1_276' title='bbox 618 2110 735 2167; x_wconf 91' lang='lat' dir='ltr'><strong>laudem</strong></span> <span class='ocrx_word' id='word_1_277' title='bbox 761 2113 929 2168; x_wconf 91' lang='lat' dir='ltr'><strong>Dominum.</strong></span> 
     </span>
     <span class='ocr_line' id='line_1_38' title="bbox 106 2197 930 2273; baseline 0.004 -20"><span class='ocrx_word' id='word_1_278' title='bbox 106 2197 251 2265; x_wconf 79' lang='lat' dir='ltr'><strong>Quamdiu</strong></span> <span class='ocrx_word' id='word_1_279' title='bbox 267 2203 365 2254; x_wconf 89' lang='lat' dir='ltr'><strong>eutem</strong></span> <span class='ocrx_word' id='word_1_280' title='bbox 381 2199 422 2255; x_wconf 88' lang='lat' dir='ltr'><strong>ita</strong></span> <span class='ocrx_word' id='word_1_281' title='bbox 437 2216 515 2271; x_wconf 87' lang='lat' dir='ltr'><strong>sum,</strong></span> <span class='ocrx_word' id='word_1_282' title='bbox 531 2216 588 2254; x_wconf 92' lang='lat' dir='ltr'><strong>non</strong></span> <span class='ocrx_word' id='word_1_283' title='bbox 608 2217 739 2271; x_wconf 90' lang='lat' dir='ltr'><strong>possum,</strong></span> <span class='ocrx_word' id='word_1_284' title='bbox 756 2217 930 2273; x_wconf 80' lang='lat' dir='ltr'><strong>pragmvor.</strong></span> 
     </span>
     <span class='ocr_line' id='line_1_39' title="bbox 105 2287 931 2362; baseline 0.004 -20"><span class='ocrx_word' id='word_1_285' title='bbox 105 2287 181 2353; x_wconf 86' lang='lat' dir='ltr'><strong>Quid</strong></span> <span class='ocrx_word' id='word_1_286' title='bbox 198 2287 286 2359; x_wconf 79' lang='lat' dir='ltr'><strong>crgo?</strong></span> <span class='ocrx_word' id='word_1_287' title='bbox 304 2287 414 2356; x_wconf 86' lang='lat' dir='ltr'><strong>silebis,</strong></span> <span class='ocrx_word' id='word_1_288' title='bbox 431 2292 459 2344; x_wconf 91' lang='lat' dir='ltr'><strong>et</strong></span> <span class='ocrx_word' id='word_1_289' title='bbox 473 2306 531 2344; x_wconf 92' lang='lat' dir='ltr'><strong>non</strong></span> <span class='ocrx_word' id='word_1_290' title='bbox 547 2287 682 2344; x_wconf 85' lang='lat' dir='ltr'><strong>laudabis</strong></span> <span class='ocrx_word' id='word_1_291' title='bbox 697 2290 821 2362; x_wconf 87' lang='lat' dir='ltr'><strong>perlecto</strong></span> <span class='ocrx_word' id='word_1_292' title='bbox 833 2290 931 2345; x_wconf 89' lang='lat' dir='ltr'><strong>Domi-</strong></span> 
     </span>
     <span class='ocr_line' id='line_1_40' title="bbox 107 2368 823 2433; baseline -0.004 -1"><span class='ocrx_word' id='word_1_293' title='bbox 107 2376 201 2432; x_wconf 78' lang='lat' dir='ltr'><strong>num?</strong></span> <span class='ocrx_word' id='word_1_294' title='bbox 218 2377 341 2432; x_wconf 75' lang='lat' dir='ltr'><strong>titubabo</strong></span> <span class='ocrx_word' id='word_1_295' title='bbox 356 2379 501 2432; x_wconf 82' lang='lat' dir='ltr'><strong>Dominum</strong></span> <span class='ocrx_word' id='word_1_296' title='bbox 517 2380 545 2432; x_wconf 84' lang='lat' dir='ltr'><strong>in</strong></span> <span class='ocrx_word' id='word_1_297' title='bbox 558 2379 614 2433; x_wconf 83' lang='lat' dir='ltr'><strong>vito</strong></span> <span class='ocrx_word' id='word_1_298' title='bbox 627 2394 696 2433; x_wconf 73' lang='lat' dir='ltr'><strong>utcu.</strong></span> <span class='ocrx_word' id='word_1_299' title='bbox 713 2401 727 2429; x_wconf 78' lang='lat' dir='ltr'><strong>s</strong></span> <span class='ocrx_word' id='word_1_300' title='bbox 818 2368 823 2373; x_wconf 74' lang='grc'>’</span> 
     </span>
    </p>
   </div>
   <div class='ocr_carea' id='block_1_9' title="bbox 416 2512 624 2569">
    <p class='ocr_par' dir='ltr' id='par_1_10' title="bbox 416 2512 624 2569">
     <span class='ocr_line' id='line_1_41' title="bbox 416 2512 624 2569; baseline 0.01 -2"><span class='ocrx_word' id='word_1_301' title='bbox 416 2512 532 2568; x_wconf 84' lang='lat' dir='ltr'><strong>CAPUT</strong></span> <span class='ocrx_word' id='word_1_302' title='bbox 550 2512 624 2569; x_wconf 88' lang='lat' dir='ltr'><strong>Vlll.</strong></span> 
     </span>
    </p>
   </div>
   <div class='ocr_carea' id='block_1_10' title="bbox 110 2619 933 2763">
    <p class='ocr_par' dir='ltr' id='par_1_11' title="bbox 110 2619 933 2763">
     <span class='ocr_line' id='line_1_42' title="bbox 110 2619 933 2694; baseline 0.005 -19"><span class='ocrx_word' id='word_1_303' title='bbox 110 2621 204 2676; x_wconf 82' lang='lat' dir='ltr'><strong>Utrum</strong></span> <span class='ocrx_word' id='word_1_304' title='bbox 218 2621 372 2675; x_wconf 65' lang='lat' dir='ltr'><strong>satistrictis</strong></span> <span class='ocrx_word' id='word_1_305' title='bbox 386 2619 540 2676; x_wconf 83' lang='lat' dir='ltr'><strong>‹lieiaitetis</strong></span> <span class='ocrx_word' id='word_1_306' title='bbox 555 2622 744 2693; x_wconf 77' lang='lat' dir='ltr'><strong>corporalibus</strong></span> <span class='ocrx_word' id='word_1_307' title='bbox 766 2624 851 2678; x_wconf 83' lang='lat' dir='ltr'><strong>ocutis</strong></span> <span class='ocrx_word' id='word_1_308' title='bbox 875 2633 933 2694; x_wconf 85' lang='lat' dir='ltr'><strong>pest</strong></span> 
     </span>
     <span class='ocr_line' id='line_1_43' title="bbox 255 2694 785 2763; baseline 0.004 -18"><span class='ocrx_word' id='word_1_309' title='bbox 255 2694 481 2746; x_wconf 83' lang='lat' dir='ltr'><strong>resurrectionem</strong></span> <span class='ocrx_word' id='word_1_310' title='bbox 494 2709 638 2763; x_wconf 79' lang='lat' dir='ltr'><strong>corporum</strong></span> <span class='ocrx_word' id='word_1_311' title='bbox 650 2694 785 2749; x_wconf 75' lang='lat' dir='ltr'><strong>reiteretur.</strong></span> 
     </span>
    </p>
   </div>
   <div class='ocr_carea' id='block_1_11' title="bbox 109 2825 935 3078">
    <p class='ocr_par' dir='ltr' id='par_1_12' title="bbox 109 2825 935 3078">
     <span class='ocr_line' id='line_1_44' title="bbox 147 2825 934 2902; baseline 0.005 -22"><span class='ocrx_word' id='word_1_312' title='bbox 147 2825 287 2880; x_wconf 87' lang='lat' dir='ltr'><strong>Octavum</strong></span> <span class='ocrx_word' id='word_1_313' title='bbox 303 2825 474 2898; x_wconf 90' lang='lat' dir='ltr'><strong>capitulum,</strong></span> <span class='ocrx_word' id='word_1_314' title='bbox 491 2827 568 2897; x_wconf 94' lang='lat' dir='ltr'><strong>quod</strong></span> <span class='ocrx_word' id='word_1_315' title='bbox 586 2831 614 2882; x_wconf 91' lang='lat' dir='ltr'><strong>et</strong></span> <span class='ocrx_word' id='word_1_316' title='bbox 630 2827 766 2882; x_wconf 89' lang='lat' dir='ltr'><strong>ultimum</strong></span> <span class='ocrx_word' id='word_1_317' title='bbox 783 2829 934 2902; x_wconf 90' lang='lat' dir='ltr'><strong>est,requi-</strong></span> 
     </span>
     <span class='ocr_line' id='line_1_45' title="bbox 110 2911 933 2987; baseline 0.007 -21"><span class='ocrx_word' id='word_1_318' title='bbox 110 2911 158 2981; x_wconf 89' lang='lat' dir='ltr'><strong>rit,</strong></span> <span class='ocrx_word' id='word_1_319' title='bbox 173 2917 272 2969; x_wconf 91' lang='lat' dir='ltr'><strong>utrum</strong></span> <span class='ocrx_word' id='word_1_320' title='bbox 287 2914 451 2969; x_wconf 87' lang='lat' dir='ltr'><strong>substantia</strong></span> <span class='ocrx_word' id='word_1_321' title='bbox 461 2913 620 2970; x_wconf 89' lang='lat' dir='ltr'><strong>divinitatis</strong></span> <span class='ocrx_word' id='word_1_322' title='bbox 631 2915 831 2987; x_wconf 84' lang='lat' dir='ltr'><strong>corporalibus</strong></span> <span class='ocrx_word' id='word_1_323' title='bbox 841 2917 933 2973; x_wconf 92' lang='lat' dir='ltr'><strong>oculis</strong></span> 
     </span>
     <span class='ocr_line' id='line_1_46' title="bbox 109 2992 935 3078; baseline 0.006 -21"><span class='ocrx_word' id='word_1_324' title='bbox 109 3005 176 3074; x_wconf 87' lang='lat' dir='ltr'><strong>post</strong></span> <span class='ocrx_word' id='word_1_325' title='bbox 185 3002 425 3059; x_wconf 86' lang='lat' dir='ltr'><strong>resurrectionem</strong></span> <span class='ocrx_word' id='word_1_326' title='bbox 437 2992 592 3075; x_wconf 75' lang='lat' dir='ltr'><strong>c&#39;orporum</strong></span> <span class='ocrx_word' id='word_1_327' title='bbox 601 3003 864 3061; x_wconf 88' lang='lat' dir='ltr'><strong>videatur.Scimus</strong></span> <span class='ocrx_word' id='word_1_328' title='bbox 873 3006 935 3078; x_wconf 92' lang='lat' dir='ltr'><strong>qui-</strong></span> 
     </span>
    </p>
   </div>
   <div class='ocr_carea' id='block_1_12' title="bbox 110 3091 933 3165">
    <p class='ocr_par' dir='ltr' id='par_1_13' title="bbox 110 3091 933 3165">
     <span class='ocr_line' id='line_1_47' title="bbox 110 3091 933 3165; baseline 0.006 -18"><span class='ocrx_word' id='word_1_329' title='bbox 110 3092 177 3147; x_wconf 90' lang='lat' dir='ltr'><strong>dem</strong></span> <span class='ocrx_word' id='word_1_330' title='bbox 193 3095 361 3147; x_wconf 87' lang='lat' dir='ltr'><strong>sanctorum</strong></span> <span class='ocrx_word' id='word_1_331' title='bbox 377 3092 521 3148; x_wconf 88' lang='lat' dir='ltr'><strong>desideria</strong></span> <span class='ocrx_word' id='word_1_332' title='bbox 537 3093 565 3146; x_wconf 90' lang='lat' dir='ltr'><strong>in</strong></span> <span class='ocrx_word' id='word_1_333' title='bbox 582 3092 636 3147; x_wconf 86' lang='lat' dir='ltr'><strong>hec</strong></span> <span class='ocrx_word' id='word_1_334' title='bbox 649 3091 709 3147; x_wconf 92' lang='lat' dir='ltr'><strong>vita</strong></span> <span class='ocrx_word' id='word_1_335' title='bbox 723 3094 886 3165; x_wconf 91' lang='lat' dir='ltr'><strong>positorum</strong></span> <span class='ocrx_word' id='word_1_336' title='bbox 897 3098 933 3152; x_wconf 91' lang='lat' dir='ltr'><strong>ad</strong></span> 
     </span>
    </p>
   </div>
   <div class='ocr_carea' id='block_1_13' title="bbox 985 1843 1822 3162">
    <p class='ocr_par' dir='ltr' id='par_1_14' title="bbox 985 1843 1822 3162">
     <span class='ocr_line' id='line_1_48' title="bbox 985 1843 1819 1917; baseline 0.004 -19"><span class='ocrx_word' id='word_1_337' title='bbox 985 1853 1065 1910; x_wconf 85' lang='lat' dir='ltr'><strong>mate,</strong></span> <span class='ocrx_word' id='word_1_338' title='bbox 1091 1852 1155 1898; x_wconf 84' lang='lat' dir='ltr'><strong>tanc</strong></span> <span class='ocrx_word' id='word_1_339' title='bbox 1178 1852 1269 1900; x_wconf 85' lang='lat' dir='ltr'><strong>autem</strong></span> <span class='ocrx_word' id='word_1_340' title='bbox 1291 1845 1362 1915; x_wconf 77' lang='lat' dir='ltr'><strong>facie</strong></span> <span class='ocrx_word' id='word_1_341' title='bbox 1386 1843 1421 1898; x_wconf 85' lang='lat' dir='ltr'><strong>ad</strong></span> <span class='ocrx_word' id='word_1_342' title='bbox 1444 1845 1543 1914; x_wconf 75' lang='lat' dir='ltr'><strong>sociem</strong></span> <span class='ocrx_word' id='word_1_343' title='bbox 1564 1844 1589 1913; x_wconf 90' lang='lat'><strong>(1</strong></span> <span class='ocrx_word' id='word_1_344' title='bbox 1602 1844 1665 1900; x_wconf 86' lang='lat' dir='ltr'><strong>Cor.</strong></span> <span class='ocrx_word' id='word_1_345' title='bbox 1679 1861 1743 1906; x_wconf 85' lang='lat' dir='ltr'><strong>xvu,</strong></span> <span class='ocrx_word' id='word_1_346' title='bbox 1760 1846 1819 1917; x_wconf 80' lang='lat'>12).</span> 
     </span>
     <span class='ocr_line' id='line_1_49' title="bbox 985 1933 1822 2005; baseline 0 -17"><span class='ocrx_word' id='word_1_347' title='bbox 985 1933 1039 1988; x_wconf 93' lang='lat' dir='ltr'><strong>hoc</strong></span> <span class='ocrx_word' id='word_1_348' title='bbox 1055 1933 1094 1987; x_wconf 91' lang='lat' dir='ltr'><strong>sit</strong></span> <span class='ocrx_word' id='word_1_349' title='bbox 1108 1934 1184 2005; x_wconf 88' lang='lat' dir='ltr'><strong>quod</strong></span> <span class='ocrx_word' id='word_1_350' title='bbox 1202 1933 1243 1988; x_wconf 90' lang='lat' dir='ltr'><strong>ait</strong></span> <span class='ocrx_word' id='word_1_351' title='bbox 1260 1951 1266 1988; x_wconf 92' lang='lat'>:</span> <span class='ocrx_word' id='word_1_352' title='bbox 1282 1933 1360 1988; x_wconf 81' lang='lat' dir='ltr'><strong>Naar</strong></span> <span class='ocrx_word' id='word_1_353' title='bbox 1373 1948 1502 2000; x_wconf 80' lang='lat' dir='ltr'><strong>copaesco</strong></span> <span class='ocrx_word' id='word_1_354' title='bbox 1522 1949 1556 1989; x_wconf 83' lang='lat' dir='ltr'><strong>ee</strong></span> <span class='ocrx_word' id='word_1_355' title='bbox 1578 1942 1670 2004; x_wconf 86' lang='lat' dir='ltr'><strong>porte,</strong></span> <span class='ocrx_word' id='word_1_356' title='bbox 1685 1941 1753 1989; x_wconf 81' lang='lat' dir='ltr'><strong>tane</strong></span> <span class='ocrx_word' id='word_1_357' title='bbox 1765 1951 1822 1988; x_wconf 86' lang='lat' dir='ltr'><strong>aa·</strong></span> 
     </span>
     <span class='ocr_line' id='line_1_50' title="bbox 985 2021 1814 2095; baseline 0.002 -18"><span class='ocrx_word' id='word_1_358' title='bbox 985 2030 1037 2078; x_wconf 80' lang='lat' dir='ltr'><strong>tera</strong></span> <span class='ocrx_word' id='word_1_359' title='bbox 1049 2038 1205 2091; x_wconf 78' lang='lat' dir='ltr'><strong>repaeseam</strong></span> <span class='ocrx_word' id='word_1_360' title='bbox 1220 2023 1291 2077; x_wconf 85' lang='lat' dir='ltr'><strong>sieut</strong></span> <span class='ocrx_word' id='word_1_361' title='bbox 1304 2029 1330 2077; x_wconf 86' lang='lat' dir='ltr'><strong>ct</strong></span> <span class='ocrx_word' id='word_1_362' title='bbox 1342 2023 1465 2091; x_wconf 70' lang='lat' dir='ltr'><strong>coecitas</strong></span> <span class='ocrx_word' id='word_1_363' title='bbox 1479 2039 1541 2077; x_wconf 75' lang='lat' dir='ltr'><strong>aare</strong></span> <span class='ocrx_word' id='word_1_364' title='bbox 1556 2022 1660 2095; x_wconf 74' lang='lat' dir='ltr'><strong>(teat).</strong></span> <span class='ocrx_word' id='word_1_365' title='bbox 1678 2021 1736 2077; x_wconf 83' lang='lat' dir='ltr'><strong>Alii</strong></span> <span class='ocrx_word' id='word_1_366' title='bbox 1750 2040 1814 2079; x_wconf 87' lang='lat' dir='ltr'><strong>vem</strong></span> 
     </span>
     <span class='ocr_line' id='line_1_51' title="bbox 985 2111 1814 2183; baseline 0.001 -17"><span class='ocrx_word' id='word_1_367' title='bbox 985 2115 1121 2167; x_wconf 90' lang='lat' dir='ltr'><strong>asserunt</strong></span> <span class='ocrx_word' id='word_1_368' title='bbox 1135 2127 1273 2183; x_wconf 78' lang='lat' dir='ltr'><strong>congrue,</strong></span> <span class='ocrx_word' id='word_1_369' title='bbox 1287 2117 1318 2166; x_wconf 96' lang='lat' dir='ltr'><strong>ut</strong></span> <span class='ocrx_word' id='word_1_370' title='bbox 1334 2111 1445 2183; x_wconf 89' lang='lat' dir='ltr'><strong>corpori</strong></span> <span class='ocrx_word' id='word_1_371' title='bbox 1459 2111 1582 2182; x_wconf 89' lang='lat' dir='ltr'><strong>spiritali</strong></span> <span class='ocrx_word' id='word_1_372' title='bbox 1593 2111 1623 2165; x_wconf 92' lang='lat' dir='ltr'><strong>id</strong></span> <span class='ocrx_word' id='word_1_373' title='bbox 1636 2111 1814 2167; x_wconf 89' lang='lat' dir='ltr'><strong>attribuatur</strong></span> 
     </span>
     <span class='ocr_line' id='line_1_52' title="bbox 986 2199 1808 2273; baseline 0.001 -18"><span class='ocrx_word' id='word_1_374' title='bbox 986 2201 1127 2269; x_wconf 90' lang='lat' dir='ltr'><strong>muneris,</strong></span> <span class='ocrx_word' id='word_1_375' title='bbox 1136 2204 1168 2255; x_wconf 92' lang='lat' dir='ltr'><strong>nt</strong></span> <span class='ocrx_word' id='word_1_376' title='bbox 1183 2200 1317 2272; x_wconf 89' lang='lat' dir='ltr'><strong>quamvis</strong></span> <span class='ocrx_word' id='word_1_377' title='bbox 1328 2216 1433 2272; x_wconf 90' lang='lat' dir='ltr'><strong>corpus</strong></span> <span class='ocrx_word' id='word_1_378' title='bbox 1446 2199 1567 2272; x_wconf 83' lang='lat' dir='ltr'><strong>sit-,quia</strong></span> <span class='ocrx_word' id='word_1_379' title='bbox 1577 2199 1707 2273; x_wconf 88' lang='lat' dir='ltr'><strong>spiritali</strong></span> <span class='ocrx_word' id='word_1_380' title='bbox 1719 2205 1808 2256; x_wconf 87' lang='lat' dir='ltr'><strong>tomen</strong></span> 
     </span>
     <span class='ocr_line' id='line_1_53' title="bbox 986 2289 1808 2362; baseline 0 -18"><span class='ocrx_word' id='word_1_381' title='bbox 986 2289 1139 2362; x_wconf 75' lang='lat' dir='ltr'><strong>praeditum</strong></span> <span class='ocrx_word' id='word_1_382' title='bbox 1170 2294 1215 2345; x_wconf 89' lang='lat' dir='ltr'><strong>est</strong></span> <span class='ocrx_word' id='word_1_383' title='bbox 1237 2289 1388 2362; x_wconf 80' lang='lat' dir='ltr'><strong>dignitate,</strong></span> <span class='ocrx_word' id='word_1_384' title='bbox 1413 2289 1507 2360; x_wconf 89' lang='lat' dir='ltr'><strong>ipsam</strong></span> <span class='ocrx_word' id='word_1_385' title='bbox 1537 2289 1747 2362; x_wconf 72' lang='lat' dir='ltr'><strong>Redemptor-is</strong></span> <span class='ocrx_word' id='word_1_386' title='bbox 1770 2290 1808 2345; x_wconf 90' lang='lat' dir='ltr'><strong>sui</strong></span> 
     </span>
     <span class='ocr_line' id='line_1_54' title="bbox 987 2376 1811 2452; baseline 0 -19"><span class='ocrx_word' id='word_1_387' title='bbox 987 2382 1133 2435; x_wconf 87' lang='lat' dir='ltr'><strong>mereatur</strong></span> <span class='ocrx_word' id='word_1_388' title='bbox 1142 2376 1266 2452; x_wconf 85' lang='lat' dir='ltr'><strong>gloriam</strong></span> <span class='ocrx_word' id='word_1_389' title='bbox 1278 2377 1476 2450; x_wconf 89' lang='lat' dir='ltr'><strong>contueri,pr0</strong></span> <span class='ocrx_word' id='word_1_390' title='bbox 1487 2378 1573 2448; x_wconf 90' lang='lat' dir='ltr'><strong>cujus</strong></span> <span class='ocrx_word' id='word_1_391' title='bbox 1584 2394 1686 2433; x_wconf 89' lang='lat' dir='ltr'><strong>amore</strong></span> <span class='ocrx_word' id='word_1_392' title='bbox 1697 2394 1755 2432; x_wconf 92' lang='lat' dir='ltr'><strong>non</strong></span> <span class='ocrx_word' id='word_1_393' title='bbox 1767 2378 1811 2433; x_wconf 91' lang='lat' dir='ltr'><strong>du·</strong></span> 
     </span>
     <span class='ocr_line' id='line_1_55' title="bbox 987 2465 1810 2539; baseline -0.001 -16"><span class='ocrx_word' id='word_1_394' title='bbox 987 2467 1125 2523; x_wconf 89' lang='lat' dir='ltr'><strong>bitavitin</strong></span> <span class='ocrx_word' id='word_1_395' title='bbox 1135 2468 1189 2523; x_wconf 92' lang='lat' dir='ltr'><strong>boc</strong></span> <span class='ocrx_word' id='word_1_396' title='bbox 1199 2465 1304 2524; x_wconf 74' lang='lat' dir='ltr'><strong>sarculo</strong></span> <span class='ocrx_word' id='word_1_397' title='bbox 1312 2466 1434 2522; x_wconf 90' lang='lat' dir='ltr'><strong>diversis</strong></span> <span class='ocrx_word' id='word_1_398' title='bbox 1445 2465 1627 2523; x_wconf 88' lang='lat' dir='ltr'><strong>cruciatibus</strong></span> <span class='ocrx_word' id='word_1_399' title='bbox 1640 2471 1731 2539; x_wconf 88' lang='lat' dir='ltr'><strong>atque</strong></span> <span class='ocrx_word' id='word_1_400' title='bbox 1741 2465 1810 2522; x_wconf 79' lang='lat' dir='ltr'><strong>labo</strong></span> 
     </span>
     <span class='ocr_line' id='line_1_56' title="bbox 987 2554 1808 2630; baseline 0 -19"><span class='ocrx_word' id='word_1_401' title='bbox 987 2556 1069 2611; x_wconf 91' lang='lat' dir='ltr'><strong>ribus</strong></span> <span class='ocrx_word' id='word_1_402' title='bbox 1084 2555 1170 2611; x_wconf 79' lang='lat' dir='ltr'><strong>affici.</strong></span> <span class='ocrx_word' id='word_1_403' title='bbox 1183 2556 1223 2611; x_wconf 87' lang='lat' dir='ltr'><strong>Dc</strong></span> <span class='ocrx_word' id='word_1_404' title='bbox 1239 2573 1297 2628; x_wconf 89' lang='lat' dir='ltr'><strong>qua</strong></span> <span class='ocrx_word' id='word_1_405' title='bbox 1312 2572 1341 2612; x_wconf 90' lang='lat' dir='ltr'><strong>re</strong></span> <span class='ocrx_word' id='word_1_406' title='bbox 1351 2554 1439 2610; x_wconf 91' lang='lat' dir='ltr'><strong>unius</strong></span> <span class='ocrx_word' id='word_1_407' title='bbox 1449 2554 1504 2611; x_wconf 88' lang='lat' dir='ltr'><strong>hoe</strong></span> <span class='ocrx_word' id='word_1_408' title='bbox 1515 2559 1560 2610; x_wconf 86' lang='lat' dir='ltr'><strong>est</strong></span> <span class='ocrx_word' id='word_1_409' title='bbox 1570 2554 1650 2612; x_wconf 89' lang='lat' dir='ltr'><strong>beati</strong></span> <span class='ocrx_word' id='word_1_410' title='bbox 1659 2555 1808 2630; x_wconf 76' lang='lat' dir='ltr'><strong>Augustini</strong></span> 
     </span>
     <span class='ocr_line' id='line_1_57' title="bbox 987 2645 1809 2719; baseline 0.001 -18"><span class='ocrx_word' id='word_1_411' title='bbox 987 2647 1065 2702; x_wconf 89' lang='lat' dir='ltr'><strong>dicta</strong></span> <span class='ocrx_word' id='word_1_412' title='bbox 1077 2646 1223 2718; x_wconf 87' lang='lat' dir='ltr'><strong>ponimus,</strong></span> <span class='ocrx_word' id='word_1_413' title='bbox 1235 2645 1286 2719; x_wconf 84' lang='lat' dir='ltr'><strong>qui</strong></span> <span class='ocrx_word' id='word_1_414' title='bbox 1296 2662 1506 2718; x_wconf 72' lang='lat' dir='ltr'><strong>praecessorum</strong></span> <span class='ocrx_word' id='word_1_415' title='bbox 1518 2661 1641 2701; x_wconf 91' lang='lat' dir='ltr'><strong>suorum</strong></span> <span class='ocrx_word' id='word_1_416' title='bbox 1654 2662 1762 2702; x_wconf 90' lang='lat' dir='ltr'><strong>sensus</strong></span> <span class='ocrx_word' id='word_1_417' title='bbox 1772 2661 1809 2701; x_wconf 78' lang='lat' dir='ltr'><strong>re·</strong></span> 
     </span>
     <span class='ocr_line' id='line_1_58' title="bbox 987 2735 1811 2810; baseline -0.002 -19"><span class='ocrx_word' id='word_1_418' title='bbox 987 2736 1086 2810; x_wconf 88' lang='lat' dir='ltr'><strong>legens</strong></span> <span class='ocrx_word' id='word_1_419' title='bbox 1102 2736 1171 2808; x_wconf 93' lang='lat' dir='ltr'><strong>quid</strong></span> <span class='ocrx_word' id='word_1_420' title='bbox 1189 2736 1224 2790; x_wconf 91' lang='lat' dir='ltr'><strong>de</strong></span> <span class='ocrx_word' id='word_1_421' title='bbox 1238 2736 1293 2791; x_wconf 88' lang='lat' dir='ltr'><strong>hoc</strong></span> <span class='ocrx_word' id='word_1_422' title='bbox 1304 2735 1428 2790; x_wconf 89' lang='lat' dir='ltr'><strong>senserit</strong></span> <span class='ocrx_word' id='word_1_423' title='bbox 1438 2735 1620 2791; x_wconf 80' lang='lat' dir='ltr'><strong>videamus«</strong></span> <span class='ocrx_word' id='word_1_424' title='bbox 1633 2735 1811 2807; x_wconf 85' lang='lat' dir='ltr'><strong>Quapropter</strong></span> 
     </span>
     <span class='ocr_line' id='line_1_59' title="bbox 987 2823 1810 2895; baseline -0.004 -16"><span class='ocrx_word' id='word_1_425' title='bbox 987 2842 1054 2880; x_wconf 88' lang='lat' dir='ltr'><strong>curu</strong></span> <span class='ocrx_word' id='word_1_426' title='bbox 1064 2842 1098 2879; x_wconf 81' lang='lat' dir='ltr'><strong>ex</strong></span> <span class='ocrx_word' id='word_1_427' title='bbox 1108 2823 1435 2895; x_wconf 77' lang='lat' dir='ltr'><strong>me,inquit(tilv.xxnrte</strong></span> <span class='ocrx_word' id='word_1_428' title='bbox 1445 2823 1594 2888; x_wconf 74' lang='lat' dir='ltr'><strong>dicitvei,</strong></span> <span class='ocrx_word' id='word_1_429' title='bbox 1609 2840 1671 2894; x_wconf 82' lang='lat' dir='ltr'><strong>cap.</strong></span> <span class='ocrx_word' id='word_1_430' title='bbox 1683 2823 1723 2891; x_wconf 81' lang='lat'><strong>9),</strong></span> <span class='ocrx_word' id='word_1_431' title='bbox 1737 2839 1810 2895; x_wconf 82' lang='lat' dir='ltr'><strong>qua-</strong></span> 
     </span>
     <span class='ocr_line' id='line_1_60' title="bbox 988 2909 1810 2986; baseline -0.005 -17"><span class='ocrx_word' id='word_1_432' title='bbox 988 2914 1064 2970; x_wconf 90' lang='lat' dir='ltr'><strong>ritur</strong></span> <span class='ocrx_word' id='word_1_433' title='bbox 1073 2912 1144 2986; x_wconf 91' lang='lat' dir='ltr'><strong>quid</strong></span> <span class='ocrx_word' id='word_1_434' title='bbox 1156 2911 1248 2969; x_wconf 89' lang='lat' dir='ltr'><strong>acturi</strong></span> <span class='ocrx_word' id='word_1_435' title='bbox 1263 2913 1323 2969; x_wconf 90' lang='lat' dir='ltr'><strong>sint</strong></span> <span class='ocrx_word' id='word_1_436' title='bbox 1332 2912 1426 2967; x_wconf 89' lang='lat' dir='ltr'><strong>sancti</strong></span> <span class='ocrx_word' id='word_1_437' title='bbox 1438 2912 1467 2967; x_wconf 90' lang='lat' dir='ltr'><strong>in</strong></span> <span class='ocrx_word' id='word_1_438' title='bbox 1478 2910 1528 2966; x_wconf 93' lang='lat' dir='ltr'><strong>illo</strong></span> <span class='ocrx_word' id='word_1_439' title='bbox 1538 2927 1662 2984; x_wconf 89' lang='lat' dir='ltr'><strong>corporo</strong></span> <span class='ocrx_word' id='word_1_440' title='bbox 1678 2909 1810 2984; x_wconf 87' lang='lat' dir='ltr'><strong>spiritali,</strong></span> 
     </span>
     <span class='ocr_line' id='line_1_61' title="bbox 989 3000 1811 3074; baseline -0.002 -16"><span class='ocrx_word' id='word_1_441' title='bbox 989 3020 1046 3060; x_wconf 91' lang='lat' dir='ltr'><strong>non</strong></span> <span class='ocrx_word' id='word_1_442' title='bbox 1060 3003 1124 3058; x_wconf 88' lang='lat' dir='ltr'><strong>dico</strong></span> <span class='ocrx_word' id='word_1_443' title='bbox 1140 3001 1217 3073; x_wconf 91' lang='lat' dir='ltr'><strong>quod</strong></span> <span class='ocrx_word' id='word_1_444' title='bbox 1230 3002 1293 3074; x_wconf 86' lang='lat' dir='ltr'><strong>jam</strong></span> <span class='ocrx_word' id='word_1_445' title='bbox 1309 3001 1402 3071; x_wconf 91' lang='lat' dir='ltr'><strong>video,</strong></span> <span class='ocrx_word' id='word_1_446' title='bbox 1418 3000 1468 3056; x_wconf 89' lang='lat' dir='ltr'><strong>sed</strong></span> <span class='ocrx_word' id='word_1_447' title='bbox 1486 3000 1550 3056; x_wconf 94' lang='lat' dir='ltr'><strong>dico</strong></span> <span class='ocrx_word' id='word_1_448' title='bbox 1566 3000 1644 3072; x_wconf 94' lang='lat' dir='ltr'><strong>quod</strong></span> <span class='ocrx_word' id='word_1_449' title='bbox 1661 3000 1759 3068; x_wconf 88' lang='lat' dir='ltr'><strong>credo,</strong></span> <span class='ocrx_word' id='word_1_450' title='bbox 1771 3016 1811 3056; x_wconf 87' lang='lat' dir='ltr'><strong>se-</strong></span> 
     </span>
     <span class='ocr_line' id='line_1_62' title="bbox 987 3087 1812 3162; baseline -0.002 -14"><span class='ocrx_word' id='word_1_451' title='bbox 987 3093 1117 3148; x_wconf 89' lang='lat' dir='ltr'><strong>cundum</strong></span> <span class='ocrx_word' id='word_1_452' title='bbox 1134 3090 1204 3145; x_wconf 96' lang='lat' dir='ltr'><strong>illud</strong></span> <span class='ocrx_word' id='word_1_453' title='bbox 1221 3090 1299 3162; x_wconf 92' lang='lat' dir='ltr'><strong>quod</strong></span> <span class='ocrx_word' id='word_1_454' title='bbox 1315 3089 1344 3144; x_wconf 92' lang='lat' dir='ltr'><strong>in</strong></span> <span class='ocrx_word' id='word_1_455' title='bbox 1361 3088 1475 3145; x_wconf 89' lang='lat' dir='ltr'><strong>Psalmo</strong></span> <span class='ocrx_word' id='word_1_456' title='bbox 1488 3088 1553 3162; x_wconf 90' lang='lat' dir='ltr'><strong>lego</strong></span> <span class='ocrx_word' id='word_1_457' title='bbox 1566 3105 1572 3143; x_wconf 91' lang='lat'>:</span> <span class='ocrx_word' id='word_1_458' title='bbox 1586 3087 1701 3145; x_wconf 84' lang='lat' dir='ltr'><strong>Credidi</strong></span> <span class='ocrx_word' id='word_1_459' title='bbox 1708 3097 1812 3162; x_wconf 78' lang='lat' dir='ltr'><strong>propter</strong></span> 
     </span>
    </p>
   </div>
   <div class='ocr_carea' id='block_1_14' title="bbox 110 3158 1812 3255">
    <p class='ocr_par' dir='ltr' id='par_1_15' title="bbox 110 3158 1812 3255">
     <span class='ocr_line' id='line_1_63' title="bbox 110 3158 1812 3255; baseline -0.002 -20"><span class='ocrx_word' id='word_1_460' title='bbox 110 3179 931 3252; x_wconf 89' lang='lat' dir='ltr'><strong>hocpotissirnumanhelare,utDeummereanturvidere.</strong></span> <span class='ocrx_word' id='word_1_461' title='bbox 951 3158 1057 3255; x_wconf 71' lang='lat' dir='ltr'><strong>liquat</strong></span> <span class='ocrx_word' id='word_1_462' title='bbox 1072 3182 1176 3237; x_wconf 84' lang='lat' dir='ltr'><strong>locatas</strong></span> <span class='ocrx_word' id='word_1_463' title='bbox 1194 3197 1256 3235; x_wconf 77' lang='lat' dir='ltr'><strong>eunt</strong></span> <span class='ocrx_word' id='word_1_464' title='bbox 1279 3181 1365 3253; x_wconf 81' lang='lat' dir='ltr'><strong>(Psut.</strong></span> <span class='ocrx_word' id='word_1_465' title='bbox 1382 3196 1445 3245; x_wconf 86' lang='lat' dir='ltr'><strong>cxv,</strong></span> <span class='ocrx_word' id='word_1_466' title='bbox 1464 3178 1500 3250; x_wconf 89' lang='lat'><strong>1).</strong></span> <span class='ocrx_word' id='word_1_467' title='bbox 1517 3177 1585 3234; x_wconf 85' lang='lat' dir='ltr'><strong>Dico</strong></span> <span class='ocrx_word' id='word_1_468' title='bbox 1611 3177 1714 3250; x_wconf 88' lang='lat' dir='ltr'><strong>itaque</strong></span> <span class='ocrx_word' id='word_1_469' title='bbox 1739 3177 1812 3251; x_wconf 94' lang='lat' dir='ltr'><strong>quod</strong></span> 
     </span>
    </p>
   </div>
   <div class='ocr_carea' id='block_1_15' title="bbox 104 3268 934 4500">
    <p class='ocr_par' dir='ltr' id='par_1_16' title="bbox 104 3268 934 4500">
     <span class='ocr_line' id='line_1_64' title="bbox 109 3268 933 3341; baseline 0.008 -17"><span class='ocrx_word' id='word_1_470' title='bbox 109 3268 322 3324; x_wconf 70' lang='lat' dir='ltr'><strong>athenarum</strong></span> <span class='ocrx_word' id='word_1_471' title='bbox 344 3273 397 3337; x_wconf 90' lang='lat' dir='ltr'><strong>est,</strong></span> <span class='ocrx_word' id='word_1_472' title='bbox 413 3272 530 3341; x_wconf 90' lang='lat' dir='ltr'><strong>propter</strong></span> <span class='ocrx_word' id='word_1_473' title='bbox 552 3269 629 3340; x_wconf 89' lang='lat' dir='ltr'><strong>quod</strong></span> <span class='ocrx_word' id='word_1_474' title='bbox 656 3269 702 3325; x_wconf 89' lang='lat' dir='ltr'><strong>bic</strong></span> <span class='ocrx_word' id='word_1_475' title='bbox 726 3288 843 3328; x_wconf 88' lang='lat' dir='ltr'><strong>earnem</strong></span> <span class='ocrx_word' id='word_1_476' title='bbox 868 3291 933 3330; x_wconf 89' lang='lat' dir='ltr'><strong>me·</strong></span> 
     </span>
     <span class='ocr_line' id='line_1_65' title="bbox 109 3356 932 3438; baseline 0.011 -28"><span class='ocrx_word' id='word_1_477' title='bbox 109 3360 210 3411; x_wconf 83' lang='lat' dir='ltr'><strong>serant</strong></span> <span class='ocrx_word' id='word_1_478' title='bbox 219 3356 342 3428; x_wconf 86' lang='lat' dir='ltr'><strong>jejuniis</strong></span> <span class='ocrx_word' id='word_1_479' title='bbox 358 3360 386 3411; x_wconf 91' lang='lat' dir='ltr'><strong>et</strong></span> <span class='ocrx_word' id='word_1_480' title='bbox 401 3356 518 3429; x_wconf 86' lang='lat' dir='ltr'><strong>vigiliis,</strong></span> <span class='ocrx_word' id='word_1_481' title='bbox 535 3356 659 3429; x_wconf 90' lang='lat' dir='ltr'><strong>aliisque</strong></span> <span class='ocrx_word' id='word_1_482' title='bbox 678 3359 869 3418; x_wconf 85' lang='lat' dir='ltr'><strong>afflictionum</strong></span> <span class='ocrx_word' id='word_1_483' title='bbox 883 3380 932 3438; x_wconf 89' lang='lat' dir='ltr'><strong>ge·</strong></span> 
     </span>
     <span class='ocr_line' id='line_1_66' title="bbox 110 3443 934 3524; baseline 0.013 -26"><span class='ocrx_word' id='word_1_484' title='bbox 110 3443 593 3519; x_wconf 88' lang='lat' dir='ltr'><strong>neribus,sicutPaulusapostolus</strong></span> <span class='ocrx_word' id='word_1_485' title='bbox 604 3447 688 3516; x_wconf 89' lang='lat' dir='ltr'><strong>dicit;</strong></span> <span class='ocrx_word' id='word_1_486' title='bbox 698 3453 934 3524; x_wconf 88' lang='lat' dir='ltr'><strong>propterquodct</strong></span> 
     </span>
     <span class='ocr_line' id='line_1_67' title="bbox 109 3531 931 3615; baseline 0.013 -28"><span class='ocrx_word' id='word_1_487' title='bbox 109 3531 307 3590; x_wconf 87' lang='lat' dir='ltr'><strong>emolumenta</strong></span> <span class='ocrx_word' id='word_1_488' title='bbox 321 3539 427 3591; x_wconf 87' lang='lat' dir='ltr'><strong>cuncta</strong></span> <span class='ocrx_word' id='word_1_489' title='bbox 442 3540 631 3592; x_wconf 87' lang='lat' dir='ltr'><strong>contemnant</strong></span> <span class='ocrx_word' id='word_1_490' title='bbox 647 3538 829 3611; x_wconf 90' lang='lat' dir='ltr'><strong>temporalia,</strong></span> <span class='ocrx_word' id='word_1_491' title='bbox 839 3559 931 3615; x_wconf 90' lang='lat' dir='ltr'><strong>quan·</strong></span> 
     </span>
     <span class='ocr_line' id='line_1_68' title="bbox 110 3622 932 3699; baseline 0.013 -23"><span class='ocrx_word' id='word_1_492' title='bbox 110 3625 173 3677; x_wconf 92' lang='lat' dir='ltr'><strong>tum</strong></span> <span class='ocrx_word' id='word_1_493' title='bbox 189 3622 251 3679; x_wconf 85' lang='lat' dir='ltr'><strong>deri</strong></span> <span class='ocrx_word' id='word_1_494' title='bbox 266 3628 362 3695; x_wconf 87' lang='lat' dir='ltr'><strong>potest</strong></span> <span class='ocrx_word' id='word_1_495' title='bbox 373 3642 380 3680; x_wconf 89' lang='lat'>:</span> <span class='ocrx_word' id='word_1_496' title='bbox 392 3629 420 3679; x_wconf 90' lang='lat' dir='ltr'><strong>ot</strong></span> <span class='ocrx_word' id='word_1_497' title='bbox 435 3625 459 3680; x_wconf 91' lang='lat' dir='ltr'><strong>si</strong></span> <span class='ocrx_word' id='word_1_498' title='bbox 476 3623 634 3681; x_wconf 89' lang='lat' dir='ltr'><strong>necessitas</strong></span> <span class='ocrx_word' id='word_1_499' title='bbox 649 3628 785 3699; x_wconf 83' lang='lat' dir='ltr'><strong>exegerit,</strong></span> <span class='ocrx_word' id='word_1_500' title='bbox 802 3629 889 3685; x_wconf 91' lang='lat' dir='ltr'><strong>ctiam</strong></span> <span class='ocrx_word' id='word_1_501' title='bbox 904 3635 932 3687; x_wconf 88' lang='lat' dir='ltr'><strong>et</strong></span> 
     </span>
     <span class='ocr_line' id='line_1_69' title="bbox 110 3710 932 3791; baseline 0.01 -25"><span class='ocrx_word' id='word_1_502' title='bbox 110 3726 216 3784; x_wconf 86' lang='lat' dir='ltr'><strong>eorpus</strong></span> <span class='ocrx_word' id='word_1_503' title='bbox 231 3729 319 3767; x_wconf 90' lang='lat' dir='ltr'><strong>suum</strong></span> <span class='ocrx_word' id='word_1_504' title='bbox 333 3710 513 3768; x_wconf 76' lang='lat' dir='ltr'><strong>multimode</strong></span> <span class='ocrx_word' id='word_1_505' title='bbox 526 3712 646 3768; x_wconf 90' lang='lat' dir='ltr'><strong>tradunt</strong></span> <span class='ocrx_word' id='word_1_506' title='bbox 662 3714 800 3785; x_wconf 86' lang='lat' dir='ltr'><strong>passioni.</strong></span> <span class='ocrx_word' id='word_1_507' title='bbox 816 3718 850 3771; x_wconf 82' lang='lat' dir='ltr'><strong>ut</strong></span> <span class='ocrx_word' id='word_1_508' title='bbox 864 3718 932 3791; x_wconf 91' lang='lat' dir='ltr'><strong>quia</strong></span> 
     </span>
     <span class='ocr_line' id='line_1_70' title="bbox 109 3798 929 3874; baseline 0.011 -21"><span class='ocrx_word' id='word_1_509' title='bbox 109 3798 157 3855; x_wconf 91' lang='lat' dir='ltr'><strong>bie</strong></span> <span class='ocrx_word' id='word_1_510' title='bbox 170 3800 267 3872; x_wconf 91' lang='lat' dir='ltr'><strong>positi,</strong></span> <span class='ocrx_word' id='word_1_511' title='bbox 284 3800 312 3854; x_wconf 94' lang='lat' dir='ltr'><strong>id</strong></span> <span class='ocrx_word' id='word_1_512' title='bbox 329 3804 374 3856; x_wconf 90' lang='lat' dir='ltr'><strong>est</strong></span> <span class='ocrx_word' id='word_1_513' title='bbox 388 3801 485 3855; x_wconf 89' lang='lat' dir='ltr'><strong>carnis</strong></span> <span class='ocrx_word' id='word_1_514' title='bbox 500 3818 586 3856; x_wconf 89' lang='lat' dir='ltr'><strong>onere</strong></span> <span class='ocrx_word' id='word_1_515' title='bbox 609 3804 873 3874; x_wconf 57' lang='lat' dir='ltr'><strong>praegravaretur]</strong></span> <span class='ocrx_word' id='word_1_516' title='bbox 889 3807 929 3862; x_wconf 93' lang='lat' dir='ltr'><strong>vi-</strong></span> 
     </span>
     <span class='ocr_line' id='line_1_71' title="bbox 108 3886 931 3963; baseline 0.013 -21"><span class='ocrx_word' id='word_1_517' title='bbox 108 3886 176 3943; x_wconf 88' lang='lat' dir='ltr'><strong>dere</strong></span> <span class='ocrx_word' id='word_1_518' title='bbox 191 3892 349 3960; x_wconf 88' lang='lat' dir='ltr'><strong>nequeunt,</strong></span> <span class='ocrx_word' id='word_1_519' title='bbox 362 3888 438 3944; x_wconf 90' lang='lat' dir='ltr'><strong>sieut</strong></span> <span class='ocrx_word' id='word_1_520' title='bbox 453 3889 594 3946; x_wconf 89' lang='lat' dir='ltr'><strong>Dominus</strong></span> <span class='ocrx_word' id='word_1_521' title='bbox 610 3891 701 3963; x_wconf 81' lang='lat' dir='ltr'><strong>Moysi</strong></span> <span class='ocrx_word' id='word_1_522' title='bbox 717 3893 758 3947; x_wconf 90' lang='lat' dir='ltr'><strong>uit</strong></span> <span class='ocrx_word' id='word_1_523' title='bbox 770 3909 776 3949; x_wconf 91' lang='lat'>:</span> <span class='ocrx_word' id='word_1_524' title='bbox 787 3895 846 3950; x_wconf 82' lang='lat' dir='ltr'><strong>Nea</strong></span> <span class='ocrx_word' id='word_1_525' title='bbox 856 3899 931 3954; x_wconf 84' lang='lat' dir='ltr'><strong>caim</strong></span> 
     </span>
     <span class='ocr_line' id='line_1_72' title="bbox 107 3976 930 4059; baseline 0.012 -26"><span class='ocrx_word' id='word_1_526' title='bbox 107 3976 210 4034; x_wconf 81' lang='lat' dir='ltr'><strong>uidebit</strong></span> <span class='ocrx_word' id='word_1_527' title='bbox 222 3993 266 4034; x_wconf 81' lang='lat' dir='ltr'><strong>me</strong></span> <span class='ocrx_word' id='word_1_528' title='bbox 279 3979 367 4050; x_wconf 83' lang='lat' dir='ltr'><strong>temo,</strong></span> <span class='ocrx_word' id='word_1_529' title='bbox 384 3987 409 4034; x_wconf 87' lang='lat' dir='ltr'><strong>et</strong></span> <span class='ocrx_word' id='word_1_530' title='bbox 423 3981 493 4034; x_wconf 85' lang='lat' dir='ltr'><strong>uiuet</strong></span> <span class='ocrx_word' id='word_1_531' title='bbox 507 3978 702 4048; x_wconf 69' lang='lat' dir='ltr'><strong>(taedarum,</strong></span> <span class='ocrx_word' id='word_1_532' title='bbox 718 3981 774 4051; x_wconf 89' lang='lat'><strong>30),</strong></span> <span class='ocrx_word' id='word_1_533' title='bbox 791 3988 930 4059; x_wconf 80' lang='lat' dir='ltr'><strong>satagunt</strong></span> 
     </span>
     <span class='ocr_line' id='line_1_73' title="bbox 107 4065 930 4147; baseline 0.011 -25"><span class='ocrx_word' id='word_1_534' title='bbox 107 4065 155 4123; x_wconf 92' lang='lat' dir='ltr'><strong>hic</strong></span> <span class='ocrx_word' id='word_1_535' title='bbox 165 4068 253 4124; x_wconf 89' lang='lat' dir='ltr'><strong>corda</strong></span> <span class='ocrx_word' id='word_1_536' title='bbox 264 4069 406 4124; x_wconf 89' lang='lat' dir='ltr'><strong>mundare</strong></span> <span class='ocrx_word' id='word_1_537' title='bbox 416 4071 444 4124; x_wconf 89' lang='lat' dir='ltr'><strong>et</strong></span> <span class='ocrx_word' id='word_1_538' title='bbox 454 4074 597 4141; x_wconf 91' lang='lat' dir='ltr'><strong>quantum</strong></span> <span class='ocrx_word' id='word_1_539' title='bbox 608 4071 930 4147; x_wconf 89' lang='lat' dir='ltr'><strong>posseestadhocpuri·</strong></span> 
     </span>
     <span class='ocr_line' id='line_1_74' title="bbox 106 4155 927 4236; baseline 0.011 -25"><span class='ocrx_word' id='word_1_540' title='bbox 106 4155 203 4225; x_wconf 84' lang='lat' dir='ltr'><strong>licere,</strong></span> <span class='ocrx_word' id='word_1_541' title='bbox 220 4160 253 4212; x_wconf 89' lang='lat' dir='ltr'><strong>ut</strong></span> <span class='ocrx_word' id='word_1_542' title='bbox 267 4158 304 4213; x_wconf 92' lang='lat' dir='ltr'><strong>ad</strong></span> <span class='ocrx_word' id='word_1_543' title='bbox 319 4156 412 4229; x_wconf 89' lang='lat' dir='ltr'><strong>ipsius</strong></span> <span class='ocrx_word' id='word_1_544' title='bbox 423 4156 564 4214; x_wconf 88' lang='lat' dir='ltr'><strong>visionem</strong></span> <span class='ocrx_word' id='word_1_545' title='bbox 576 4163 744 4214; x_wconf 90' lang='lat' dir='ltr'><strong>mereantur</strong></span> <span class='ocrx_word' id='word_1_546' title='bbox 753 4161 927 4236; x_wconf 83' lang='lat' dir='ltr'><strong>pertingere,</strong></span> 
     </span>
     <span class='ocr_line' id='line_1_75' title="bbox 105 4244 928 4322; baseline 0.007 -20"><span class='ocrx_word' id='word_1_547' title='bbox 105 4244 153 4302; x_wconf 93' lang='lat' dir='ltr'><strong>bic</strong></span> <span class='ocrx_word' id='word_1_548' title='bbox 167 4246 286 4303; x_wconf 91' lang='lat' dir='ltr'><strong>interim</strong></span> <span class='ocrx_word' id='word_1_549' title='bbox 298 4264 351 4320; x_wconf 88' lang='lat' dir='ltr'><strong>per</strong></span> <span class='ocrx_word' id='word_1_550' title='bbox 365 4247 517 4321; x_wconf 90' lang='lat' dir='ltr'><strong>speculum</strong></span> <span class='ocrx_word' id='word_1_551' title='bbox 529 4248 558 4303; x_wconf 95' lang='lat' dir='ltr'><strong>in</strong></span> <span class='ocrx_word' id='word_1_552' title='bbox 570 4247 733 4322; x_wconf 78' lang='lat' dir='ltr'><strong>enigmate,</strong></span> <span class='ocrx_word' id='word_1_553' title='bbox 742 4252 771 4305; x_wconf 91' lang='lat' dir='ltr'><strong>et</strong></span> <span class='ocrx_word' id='word_1_554' title='bbox 780 4255 846 4322; x_wconf 92' lang='lat' dir='ltr'><strong>post</strong></span> <span class='ocrx_word' id='word_1_555' title='bbox 856 4253 928 4309; x_wconf 80' lang='lat' dir='ltr'><strong>facie</strong></span> 
     </span>
     <span class='ocr_line' id='line_1_76' title="bbox 105 4335 926 4413; baseline 0.01 -21"><span class='ocrx_word' id='word_1_556' title='bbox 105 4336 140 4392; x_wconf 89' lang='lat' dir='ltr'><strong>ad</strong></span> <span class='ocrx_word' id='word_1_557' title='bbox 156 4335 270 4404; x_wconf 83' lang='lat' dir='ltr'><strong>faciem,</strong></span> <span class='ocrx_word' id='word_1_558' title='bbox 283 4336 411 4393; x_wconf 87' lang='lat' dir='ltr'><strong>dieentes</strong></span> <span class='ocrx_word' id='word_1_559' title='bbox 427 4342 483 4393; x_wconf 87' lang='lat' dir='ltr'><strong>Deo</strong></span> <span class='ocrx_word' id='word_1_560' title='bbox 498 4337 610 4393; x_wconf 91' lang='lat' dir='ltr'><strong>intimis</strong></span> <span class='ocrx_word' id='word_1_561' title='bbox 626 4337 762 4409; x_wconf 89' lang='lat' dir='ltr'><strong>suspiriis</strong></span> <span class='ocrx_word' id='word_1_562' title='bbox 780 4357 786 4394; x_wconf 92' lang='lat'><strong>:</strong></span> <span class='ocrx_word' id='word_1_563' title='bbox 803 4342 926 4413; x_wconf 82' lang='lat' dir='ltr'><strong>Domine,</strong></span> 
     </span>
     <span class='ocr_line' id='line_1_77' title="bbox 104 4424 929 4500; baseline 0.013 -21"><span class='ocrx_word' id='word_1_564' title='bbox 104 4424 192 4481; x_wconf 78' lang='lat' dir='ltr'><strong>‹titexi</strong></span> <span class='ocrx_word' id='word_1_565' title='bbox 205 4425 326 4482; x_wconf 86' lang='lat' dir='ltr'><strong>decorem</strong></span> <span class='ocrx_word' id='word_1_566' title='bbox 341 4426 436 4482; x_wconf 74' lang='lat' dir='ltr'><strong>durem</strong></span> <span class='ocrx_word' id='word_1_567' title='bbox 450 4437 516 4495; x_wconf 64' lang='lat' dir='ltr'><strong>tace,</strong></span> <span class='ocrx_word' id='word_1_568' title='bbox 531 4428 620 4482; x_wconf 83' lang='lat' dir='ltr'><strong>teram</strong></span> <span class='ocrx_word' id='word_1_569' title='bbox 639 4427 815 4484; x_wconf 75' lang='lat' dir='ltr'><strong>habitationis</strong></span> <span class='ocrx_word' id='word_1_570' title='bbox 829 4433 929 4500; x_wconf 67' lang='lat' dir='ltr'><strong>porta</strong></span> 
     </span>
    </p>
   </div>
   <div class='ocr_carea' id='block_1_16' title="bbox 983 3267 1817 4498">
    <p class='ocr_par' dir='ltr' id='par_1_17' title="bbox 983 3267 1817 4498">
     <span class='ocr_line' id='line_1_78' title="bbox 986 3267 1813 3341; baseline -0.004 -17"><span class='ocrx_word' id='word_1_571' title='bbox 986 3269 1077 3327; x_wconf 91' lang='lat' dir='ltr'><strong>visuri</strong></span> <span class='ocrx_word' id='word_1_572' title='bbox 1092 3273 1162 3326; x_wconf 92' lang='lat' dir='ltr'><strong>suot</strong></span> <span class='ocrx_word' id='word_1_573' title='bbox 1174 3269 1266 3325; x_wconf 87' lang='lat' dir='ltr'><strong>Deum</strong></span> <span class='ocrx_word' id='word_1_574' title='bbox 1281 3268 1311 3323; x_wconf 91' lang='lat' dir='ltr'><strong>in</strong></span> <span class='ocrx_word' id='word_1_575' title='bbox 1326 3267 1391 3341; x_wconf 92' lang='lat' dir='ltr'><strong>ipso</strong></span> <span class='ocrx_word' id='word_1_576' title='bbox 1406 3282 1535 3339; x_wconf 89' lang='lat' dir='ltr'><strong>corpore.</strong></span> <span class='ocrx_word' id='word_1_577' title='bbox 1553 3267 1610 3322; x_wconf 87' lang='lat' dir='ltr'><strong>Sed</strong></span> <span class='ocrx_word' id='word_1_578' title='bbox 1637 3272 1740 3329; x_wconf 86' lang='lat' dir='ltr'><strong>utrum</strong></span> <span class='ocrx_word' id='word_1_579' title='bbox 1766 3283 1813 3339; x_wconf 87' lang='lat' dir='ltr'><strong>per</strong></span> 
     </span>
     <span class='ocr_line' id='line_1_79' title="bbox 987 3354 1812 3432; baseline -0.004 -19"><span class='ocrx_word' id='word_1_580' title='bbox 987 3359 1176 3432; x_wconf 91' lang='lat' dir='ltr'><strong>ipsum,sieut</strong></span> <span class='ocrx_word' id='word_1_581' title='bbox 1191 3375 1362 3431; x_wconf 89' lang='lat' dir='ltr'><strong>percorpus</strong></span> <span class='ocrx_word' id='word_1_582' title='bbox 1387 3373 1466 3412; x_wconf 92' lang='lat' dir='ltr'><strong>nunc</strong></span> <span class='ocrx_word' id='word_1_583' title='bbox 1490 3354 1626 3412; x_wconf 91' lang='lat' dir='ltr'><strong>videmus</strong></span> <span class='ocrx_word' id='word_1_584' title='bbox 1650 3355 1757 3422; x_wconf 85' lang='lat' dir='ltr'><strong>solem,</strong></span> <span class='ocrx_word' id='word_1_585' title='bbox 1771 3354 1812 3411; x_wconf 92' lang='lat' dir='ltr'><strong>lu-</strong></span> 
     </span>
     <span class='ocr_line' id='line_1_80' title="bbox 988 3446 1811 3517; baseline -0.005 -13"><span class='ocrx_word' id='word_1_586' title='bbox 988 3466 1067 3517; x_wconf 85' lang='lat' dir='ltr'><strong>num,</strong></span> <span class='ocrx_word' id='word_1_587' title='bbox 1083 3448 1194 3517; x_wconf 79' lang='lat' dir='ltr'><strong>stellae,</strong></span> <span class='ocrx_word' id='word_1_588' title='bbox 1210 3465 1300 3516; x_wconf 88' lang='lat' dir='ltr'><strong>mare,</strong></span> <span class='ocrx_word' id='word_1_589' title='bbox 1317 3463 1350 3502; x_wconf 89' lang='lat' dir='ltr'><strong>ae</strong></span> <span class='ocrx_word' id='word_1_590' title='bbox 1364 3451 1482 3513; x_wconf 89' lang='lat' dir='ltr'><strong>terram,</strong></span> <span class='ocrx_word' id='word_1_591' title='bbox 1497 3449 1526 3500; x_wconf 90' lang='lat' dir='ltr'><strong>ct</strong></span> <span class='ocrx_word' id='word_1_592' title='bbox 1546 3461 1611 3517; x_wconf 82' lang='lat' dir='ltr'><strong>quae</strong></span> <span class='ocrx_word' id='word_1_593' title='bbox 1638 3450 1712 3501; x_wconf 90' lang='lat' dir='ltr'><strong>sunt</strong></span> <span class='ocrx_word' id='word_1_594' title='bbox 1726 3446 1756 3500; x_wconf 89' lang='lat' dir='ltr'><strong>iu</strong></span> <span class='ocrx_word' id='word_1_595' title='bbox 1770 3462 1811 3514; x_wconf 88' lang='lat' dir='ltr'><strong>ea,</strong></span> 
     </span>
     <span class='ocr_line' id='line_1_81' title="bbox 988 3533 1817 3611; baseline -0.012 -16"><span class='ocrx_word' id='word_1_596' title='bbox 988 3557 1044 3595; x_wconf 93' lang='lat' dir='ltr'><strong>uon</strong></span> <span class='ocrx_word' id='word_1_597' title='bbox 1061 3556 1148 3611; x_wconf 89' lang='lat' dir='ltr'><strong>parve</strong></span> <span class='ocrx_word' id='word_1_598' title='bbox 1158 3537 1279 3611; x_wconf 78' lang='lat' dir='ltr'><strong>quaestio</strong></span> <span class='ocrx_word' id='word_1_599' title='bbox 1290 3540 1342 3593; x_wconf 91' lang='lat' dir='ltr'><strong>est.</strong></span> <span class='ocrx_word' id='word_1_600' title='bbox 1355 3535 1468 3590; x_wconf 88' lang='lat' dir='ltr'><strong>Durum</strong></span> <span class='ocrx_word' id='word_1_601' title='bbox 1478 3538 1523 3590; x_wconf 89' lang='lat' dir='ltr'><strong>cst</strong></span> <span class='ocrx_word' id='word_1_602' title='bbox 1534 3535 1614 3589; x_wconf 88' lang='lat' dir='ltr'><strong>enim</strong></span> <span class='ocrx_word' id='word_1_603' title='bbox 1628 3533 1817 3607; x_wconf 89' lang='lat' dir='ltr'><strong>dicere,quod.</strong></span> 
     </span>
     <span class='ocr_line' id='line_1_82' title="bbox 987 3622 1813 3698; baseline -0.008 -15"><span class='ocrx_word' id='word_1_604' title='bbox 987 3628 1078 3683; x_wconf 89' lang='lat' dir='ltr'><strong>sancti</strong></span> <span class='ocrx_word' id='word_1_605' title='bbox 1095 3627 1164 3682; x_wconf 87' lang='lat' dir='ltr'><strong>talia</strong></span> <span class='ocrx_word' id='word_1_606' title='bbox 1179 3643 1301 3698; x_wconf 88' lang='lat' dir='ltr'><strong>corpora</strong></span> <span class='ocrx_word' id='word_1_607' title='bbox 1313 3630 1383 3680; x_wconf 91' lang='lat' dir='ltr'><strong>tuuc</strong></span> <span class='ocrx_word' id='word_1_608' title='bbox 1399 3624 1559 3691; x_wconf 88' lang='lat' dir='ltr'><strong>habebunt,</strong></span> <span class='ocrx_word' id='word_1_609' title='bbox 1577 3627 1685 3678; x_wconf 90' lang='lat' dir='ltr'><strong>utnon</strong></span> <span class='ocrx_word' id='word_1_610' title='bbox 1703 3622 1813 3697; x_wconf 86' lang='lat' dir='ltr'><strong>possint</strong></span> 
     </span>
     <span class='ocr_line' id='line_1_83' title="bbox 986 3711 1811 3787; baseline -0.006 -15"><span class='ocrx_word' id='word_1_611' title='bbox 986 3717 1086 3773; x_wconf 90' lang='lat' dir='ltr'><strong>oeulos</strong></span> <span class='ocrx_word' id='word_1_612' title='bbox 1102 3716 1236 3772; x_wconf 90' lang='lat' dir='ltr'><strong>claudere</strong></span> <span class='ocrx_word' id='word_1_613' title='bbox 1254 3719 1342 3787; x_wconf 87' lang='lat' dir='ltr'><strong>etque</strong></span> <span class='ocrx_word' id='word_1_614' title='bbox 1357 3713 1469 3787; x_wconf 88' lang='lat' dir='ltr'><strong>aperire</strong></span> <span class='ocrx_word' id='word_1_615' title='bbox 1484 3729 1550 3767; x_wconf 90' lang='lat' dir='ltr'><strong>cum</strong></span> <span class='ocrx_word' id='word_1_616' title='bbox 1567 3711 1671 3768; x_wconf 84' lang='lat' dir='ltr'><strong>volunt</strong></span> <span class='ocrx_word' id='word_1_617' title='bbox 1688 3730 1695 3768; x_wconf 88' lang='lat'><strong>:</strong></span> <span class='ocrx_word' id='word_1_618' title='bbox 1714 3711 1811 3768; x_wconf 90' lang='lat' dir='ltr'><strong>durius</strong></span> 
     </span>
     <span class='ocr_line' id='line_1_84' title="bbox 985 3800 1808 3877; baseline -0.005 -16"><span class='ocrx_word' id='word_1_619' title='bbox 985 3806 1176 3877; x_wconf 89' lang='lat' dir='ltr'><strong>autem,quod</strong></span> <span class='ocrx_word' id='word_1_620' title='bbox 1191 3803 1230 3859; x_wconf 94' lang='lat' dir='ltr'><strong>ibi</strong></span> <span class='ocrx_word' id='word_1_621' title='bbox 1243 3805 1335 3860; x_wconf 89' lang='lat' dir='ltr'><strong>Deum</strong></span> <span class='ocrx_word' id='word_1_622' title='bbox 1347 3802 1481 3875; x_wconf 89' lang='lat' dir='ltr'><strong>quisquis</strong></span> <span class='ocrx_word' id='word_1_623' title='bbox 1492 3800 1592 3857; x_wconf 85' lang='lat' dir='ltr'><strong>oculos</strong></span> <span class='ocrx_word' id='word_1_624' title='bbox 1603 3800 1745 3858; x_wconf 88' lang='lat' dir='ltr'><strong>clauserit</strong></span> <span class='ocrx_word' id='word_1_625' title='bbox 1755 3818 1808 3857; x_wconf 90' lang='lat' dir='ltr'><strong>non</strong></span> 
     </span>
     <span class='ocr_line' id='line_1_85' title="bbox 983 3889 1809 3965; baseline -0.007 -14"><span class='ocrx_word' id='word_1_626' title='bbox 983 3889 1809 3965; x_wconf 81' lang='lat' dir='ltr'><strong>videbit.SienimpropbetaillisreuspuerumsuumGieai</strong></span> 
     </span>
     <span class='ocr_line' id='line_1_86' title="bbox 984 3977 1809 4055; baseline -0.01 -14"><span class='ocrx_word' id='word_1_627' title='bbox 984 3985 1091 4041; x_wconf 88' lang='lat' dir='ltr'><strong>absens</strong></span> <span class='ocrx_word' id='word_1_628' title='bbox 1102 3999 1220 4055; x_wconf 92' lang='lat' dir='ltr'><strong>corpore</strong></span> <span class='ocrx_word' id='word_1_629' title='bbox 1230 3981 1301 4036; x_wconf 89' lang='lat' dir='ltr'><strong>vidit</strong></span> <span class='ocrx_word' id='word_1_630' title='bbox 1311 3979 1501 4053; x_wconf 88' lang='lat' dir='ltr'><strong>accipientem</strong></span> <span class='ocrx_word' id='word_1_631' title='bbox 1512 3995 1720 4052; x_wconf 60' lang='lat' dir='ltr'><strong>muneraque</strong></span> <span class='ocrx_word' id='word_1_632' title='bbox 1734 3977 1809 4036; x_wconf 88' lang='lat' dir='ltr'><strong>dedit</strong></span> 
     </span>
     <span class='ocr_line' id='line_1_87' title="bbox 984 4069 1807 4145; baseline -0.007 -16"><span class='ocrx_word' id='word_1_633' title='bbox 984 4075 1010 4128; x_wconf 92' lang='lat' dir='ltr'><strong>ei</strong></span> <span class='ocrx_word' id='word_1_634' title='bbox 1017 4074 1146 4129; x_wconf 90' lang='lat' dir='ltr'><strong>Naaman</strong></span> <span class='ocrx_word' id='word_1_635' title='bbox 1158 4073 1349 4145; x_wconf 73' lang='lat' dir='ltr'><strong>Syrusquem</strong></span> <span class='ocrx_word' id='word_1_636' title='bbox 1360 4069 1502 4143; x_wconf 89' lang='lat' dir='ltr'><strong>propheta</strong></span> <span class='ocrx_word' id='word_1_637' title='bbox 1513 4069 1807 4140; x_wconf 81' lang='lat' dir='ltr'><strong>memoretusalepre</strong></span> 
     </span>
     <span class='ocr_line' id='line_1_88' title="bbox 984 4157 1808 4230; baseline -0.008 -11"><span class='ocrx_word' id='word_1_638' title='bbox 984 4157 1565 4230; x_wconf 76' lang='lat' dir='ltr'><strong>deformitatemundaverat‚quodservus</strong></span> <span class='ocrx_word' id='word_1_639' title='bbox 1577 4174 1708 4230; x_wconf 90' lang='lat' dir='ltr'><strong>nequam</strong></span> <span class='ocrx_word' id='word_1_640' title='bbox 1719 4157 1808 4213; x_wconf 89' lang='lat' dir='ltr'><strong>domi·</strong></span> 
     </span>
     <span class='ocr_line' id='line_1_89' title="bbox 984 4245 1809 4319; baseline -0.005 -13"><span class='ocrx_word' id='word_1_641' title='bbox 984 4269 1021 4308; x_wconf 91' lang='lat' dir='ltr'><strong>no</strong></span> <span class='ocrx_word' id='word_1_642' title='bbox 1032 4268 1085 4306; x_wconf 90' lang='lat' dir='ltr'><strong>suo</strong></span> <span class='ocrx_word' id='word_1_643' title='bbox 1097 4268 1154 4305; x_wconf 91' lang='lat' dir='ltr'><strong>non</strong></span> <span class='ocrx_word' id='word_1_644' title='bbox 1169 4249 1284 4304; x_wconf 93' lang='lat' dir='ltr'><strong>vidente</strong></span> <span class='ocrx_word' id='word_1_645' title='bbox 1299 4247 1423 4303; x_wconf 89' lang='lat' dir='ltr'><strong>latenter</strong></span> <span class='ocrx_word' id='word_1_646' title='bbox 1435 4263 1465 4301; x_wconf 89' lang='lat' dir='ltr'><strong>sc</strong></span> <span class='ocrx_word' id='word_1_647' title='bbox 1481 4246 1584 4303; x_wconf 82' lang='lat' dir='ltr'><strong>iecisse</strong></span> <span class='ocrx_word' id='word_1_648' title='bbox 1601 4251 1757 4319; x_wconf 88' lang='lat' dir='ltr'><strong>putaverat</strong></span> <span class='ocrx_word' id='word_1_649' title='bbox 1767 4245 1809 4319; x_wconf 79' lang='grc' dir='ltr'><strong>(Ν</strong></span> 
     </span>
     <span class='ocr_line' id='line_1_90' title="bbox 983 4334 1808 4414; baseline -0.01 -15"><span class='ocrx_word' id='word_1_650' title='bbox 983 4342 1200 4414; x_wconf 80' lang='lat' dir='ltr'><strong>ch.v),quanto</strong></span> <span class='ocrx_word' id='word_1_651' title='bbox 1208 4337 1337 4411; x_wconf 84' lang='lat' dir='ltr'><strong>magisin</strong></span> <span class='ocrx_word' id='word_1_652' title='bbox 1346 4335 1395 4391; x_wconf 93' lang='lat' dir='ltr'><strong>illo</strong></span> <span class='ocrx_word' id='word_1_653' title='bbox 1404 4353 1523 4409; x_wconf 89' lang='lat' dir='ltr'><strong>corpore</strong></span> <span class='ocrx_word' id='word_1_654' title='bbox 1532 4334 1659 4409; x_wconf 88' lang='lat' dir='ltr'><strong>spiritali</strong></span> <span class='ocrx_word' id='word_1_655' title='bbox 1670 4337 1808 4393; x_wconf 86' lang='lat' dir='ltr'><strong>videbunt</strong></span> 
     </span>
     <span class='ocr_line' id='line_1_91' title="bbox 983 4422 1807 4498; baseline -0.011 -10"><span class='ocrx_word' id='word_1_656' title='bbox 983 4432 1076 4487; x_wconf 87' lang='lat' dir='ltr'><strong>sancti</strong></span> <span class='ocrx_word' id='word_1_657' title='bbox 1092 4429 1262 4495; x_wconf 90' lang='lat' dir='ltr'><strong>omnia‚non</strong></span> <span class='ocrx_word' id='word_1_658' title='bbox 1278 4425 1373 4482; x_wconf 89' lang='lat' dir='ltr'><strong>solum</strong></span> <span class='ocrx_word' id='word_1_659' title='bbox 1391 4425 1415 4480; x_wconf 93' lang='lat' dir='ltr'><strong>si</strong></span> <span class='ocrx_word' id='word_1_660' title='bbox 1431 4423 1531 4481; x_wconf 90' lang='lat' dir='ltr'><strong>oculos</strong></span> <span class='ocrx_word' id='word_1_661' title='bbox 1547 4422 1701 4498; x_wconf 89' lang='lat' dir='ltr'><strong>claudant,</strong></span> <span class='ocrx_word' id='word_1_662' title='bbox 1712 4439 1807 4483; x_wconf 87' lang='lat' dir='ltr'><strong>verum</strong></span> 
     </span>
    </p>
   </div>
   <div class='ocr_carea' id='block_1_17' title="bbox 106 4513 1809 4595">
    <p class='ocr_par' dir='ltr' id='par_1_18' title="bbox 106 4513 1809 4595">
     <span class='ocr_line' id='line_1_92' title="bbox 106 4513 1809 4595; baseline -0.001 -25"><span class='ocrx_word' id='word_1_663' title='bbox 106 4522 163 4572; x_wconf 80' lang='lat' dir='ltr'><strong>tuae</strong></span> <span class='ocrx_word' id='word_1_664' title='bbox 176 4517 262 4585; x_wconf 81' lang='lat' dir='ltr'><strong>(Prot.</strong></span> <span class='ocrx_word' id='word_1_665' title='bbox 278 4535 343 4585; x_wconf 83' lang='lat' dir='ltr'><strong>xxv,</strong></span> <span class='ocrx_word' id='word_1_666' title='bbox 359 4520 396 4585; x_wconf 84' lang='lat'><strong>8).</strong></span> <span class='ocrx_word' id='word_1_667' title='bbox 409 4519 539 4589; x_wconf 88' lang='lat' dir='ltr'><strong>Itemque</strong></span> <span class='ocrx_word' id='word_1_668' title='bbox 556 4534 563 4571; x_wconf 89' lang='lat'>:</span> <span class='ocrx_word' id='word_1_669' title='bbox 583 4518 642 4573; x_wconf 80' lang='lat' dir='ltr'><strong>Tibi</strong></span> <span class='ocrx_word' id='word_1_670' title='bbox 664 4518 737 4574; x_wconf 65' lang='lat' dir='ltr'><strong>dreit</strong></span> <span class='ocrx_word' id='word_1_671' title='bbox 758 4536 804 4576; x_wconf 85' lang='lat' dir='ltr'><strong>cor</strong></span> <span class='ocrx_word' id='word_1_672' title='bbox 826 4539 928 4591; x_wconf 84' lang='lat' dir='ltr'><strong>meam,</strong></span> <span class='ocrx_word' id='word_1_673' title='bbox 941 4529 966 4595; x_wconf 79' lang='lat'><strong>1)</strong></span> <span class='ocrx_word' id='word_1_674' title='bbox 980 4513 1809 4588; x_wconf 79' lang='lat' dir='ltr'><strong>etiamundesunteorporeabsentest&#39;lunceuimeritper-</strong></span> 
     </span>
    </p>
   </div>
   <div class='ocr_carea' id='block_1_18' title="bbox 40 4606 931 5664">
    <p class='ocr_par' dir='ltr' id='par_1_19' title="bbox 40 4606 931 5664">
     <span class='ocr_line' id='line_1_93' title="bbox 106 4606 930 4683; baseline 0.011 -23"><span class='ocrx_word' id='word_1_675' title='bbox 106 4606 254 4676; x_wconf 70' lang='lat' dir='ltr'><strong>expedivit</strong></span> <span class='ocrx_word' id='word_1_676' title='bbox 270 4613 294 4661; x_wconf 88' lang='lat' dir='ltr'><strong>tc</strong></span> <span class='ocrx_word' id='word_1_677' title='bbox 307 4608 392 4678; x_wconf 78' lang='lat' dir='ltr'><strong>sactes</strong></span> <span class='ocrx_word' id='word_1_678' title='bbox 404 4623 475 4674; x_wconf 74' lang='lat' dir='ltr'><strong>areo,</strong></span> <span class='ocrx_word' id='word_1_679' title='bbox 490 4609 591 4679; x_wconf 75' lang='lat' dir='ltr'><strong>seriem</strong></span> <span class='ocrx_word' id='word_1_680' title='bbox 603 4616 688 4676; x_wconf 84' lang='lat' dir='ltr'><strong>taam,</strong></span> <span class='ocrx_word' id='word_1_681' title='bbox 706 4612 930 4683; x_wconf 66' lang='lat' dir='ltr'><strong>Demisereqei-</strong></span> 
     </span>
     <span class='ocr_line' id='line_1_94' title="bbox 107 4694 930 4766; baseline 0.01 -18"><span class='ocrx_word' id='word_1_682' title='bbox 107 4710 177 4749; x_wconf 86' lang='lat' dir='ltr'><strong>ram.</strong></span> <span class='ocrx_word' id='word_1_683' title='bbox 202 4694 240 4749; x_wconf 86' lang='lat' dir='ltr'><strong>Ne</strong></span> <span class='ocrx_word' id='word_1_684' title='bbox 263 4702 367 4751; x_wconf 71' lang='lat' dir='ltr'><strong>aemma</strong></span> <span class='ocrx_word' id='word_1_685' title='bbox 389 4698 488 4766; x_wconf 69' lang='lat' dir='ltr'><strong>faeiem</strong></span> <span class='ocrx_word' id='word_1_686' title='bbox 511 4704 585 4751; x_wconf 86' lang='lat' dir='ltr'><strong>tuom</strong></span> <span class='ocrx_word' id='word_1_687' title='bbox 600 4715 616 4752; x_wconf 86' lang='lat' dir='ltr'><strong>a</strong></span> <span class='ocrx_word' id='word_1_688' title='bbox 631 4713 682 4765; x_wconf 78' lang='lat' dir='ltr'><strong>are,</strong></span> <span class='ocrx_word' id='word_1_689' title='bbox 703 4714 738 4752; x_wconf 84' lang='lat' dir='ltr'><strong>ac</strong></span> <span class='ocrx_word' id='word_1_690' title='bbox 759 4697 876 4755; x_wconf 81' lang='lat' dir='ltr'><strong>declines</strong></span> <span class='ocrx_word' id='word_1_691' title='bbox 899 4703 930 4757; x_wconf 82' lang='lat' dir='ltr'><strong>in</strong></span> 
     </span>
     <span class='ocr_line' id='line_1_95' title="bbox 107 4783 931 4858; baseline 0.008 -19"><span class='ocrx_word' id='word_1_692' title='bbox 107 4787 151 4840; x_wconf 84' lang='lat' dir='ltr'><strong>ira</strong></span> <span class='ocrx_word' id='word_1_693' title='bbox 167 4799 273 4838; x_wconf 78' lang='lat' dir='ltr'><strong>caereo</strong></span> <span class='ocrx_word' id='word_1_694' title='bbox 288 4792 334 4838; x_wconf 84' lang='lat' dir='ltr'><strong>tuo</strong></span> <span class='ocrx_word' id='word_1_695' title='bbox 349 4783 435 4852; x_wconf 80' lang='lat' dir='ltr'><strong>(Part.</strong></span> <span class='ocrx_word' id='word_1_696' title='bbox 451 4802 527 4853; x_wconf 84' lang='lat' dir='ltr'><strong>xxvi,</strong></span> <span class='ocrx_word' id='word_1_697' title='bbox 543 4785 580 4858; x_wconf 83' lang='lat'><strong>8).</strong></span> <span class='ocrx_word' id='word_1_698' title='bbox 597 4785 651 4840; x_wconf 90' lang='lat' dir='ltr'><strong>Sed</strong></span> <span class='ocrx_word' id='word_1_699' title='bbox 673 4790 701 4841; x_wconf 91' lang='lat' dir='ltr'><strong>et</strong></span> <span class='ocrx_word' id='word_1_700' title='bbox 724 4786 796 4842; x_wconf 92' lang='lat' dir='ltr'><strong>illud</strong></span> <span class='ocrx_word' id='word_1_701' title='bbox 814 4805 820 4842; x_wconf 92' lang='lat'><strong>:</strong></span> <span class='ocrx_word' id='word_1_702' title='bbox 837 4788 931 4847; x_wconf 83' lang='lat' dir='ltr'><strong>Sitiuit</strong></span> 
     </span>
     <span class='ocr_line' id='line_1_96' title="bbox 106 4871 929 4951; baseline 0.005 -22"><span class='ocrx_word' id='word_1_703' title='bbox 106 4875 201 4929; x_wconf 81' lang='lat' dir='ltr'><strong>aniane</strong></span> <span class='ocrx_word' id='word_1_704' title='bbox 215 4889 274 4927; x_wconf 80' lang='lat' dir='ltr'><strong>owe</strong></span> <span class='ocrx_word' id='word_1_705' title='bbox 288 4872 323 4926; x_wconf 84' lang='lat' dir='ltr'><strong>ad</strong></span> <span class='ocrx_word' id='word_1_706' title='bbox 337 4871 421 4926; x_wconf 85' lang='lat' dir='ltr'><strong>Deum</strong></span> <span class='ocrx_word' id='word_1_707' title='bbox 438 4874 538 4939; x_wconf 78' lang='lat' dir='ltr'><strong>otram,</strong></span> <span class='ocrx_word' id='word_1_708' title='bbox 555 4875 663 4944; x_wconf 70' lang='lat' dir='ltr'><strong>patendo</strong></span> <span class='ocrx_word' id='word_1_709' title='bbox 680 4877 786 4930; x_wconf 83' lang='lat' dir='ltr'><strong>ueniam</strong></span> <span class='ocrx_word' id='word_1_710' title='bbox 805 4884 830 4931; x_wconf 85' lang='lat' dir='ltr'><strong>et</strong></span> <span class='ocrx_word' id='word_1_711' title='bbox 844 4894 929 4951; x_wconf 86' lang='lat' dir='ltr'><strong>appe-</strong></span> 
     </span>
     <span class='ocr_line' id='line_1_97' title="bbox 105 4962 929 5034; baseline 0.004 -15"><span class='ocrx_word' id='word_1_712' title='bbox 105 4964 168 5020; x_wconf 84' lang='lat' dir='ltr'><strong>rclo</strong></span> <span class='ocrx_word' id='word_1_713' title='bbox 184 4971 246 5018; x_wconf 80' lang='lat' dir='ltr'><strong>ante</strong></span> <span class='ocrx_word' id='word_1_714' title='bbox 264 4963 364 5033; x_wconf 75' lang='lat' dir='ltr'><strong>[aciem</strong></span> <span class='ocrx_word' id='word_1_715' title='bbox 385 4962 434 5016; x_wconf 75' lang='lat' dir='ltr'><strong>liei</strong></span> <span class='ocrx_word' id='word_1_716' title='bbox 446 4963 520 5016; x_wconf 75' lang='lat' dir='ltr'><strong>raet?</strong></span> <span class='ocrx_word' id='word_1_717' title='bbox 531 4964 615 5034; x_wconf 79' lang='lat' dir='ltr'><strong>(Paul.</strong></span> <span class='ocrx_word' id='word_1_718' title='bbox 632 4981 690 5029; x_wconf 82' lang='lat' dir='ltr'><strong>xci,</strong></span> <span class='ocrx_word' id='word_1_719' title='bbox 704 4965 745 5032; x_wconf 85' lang='lat'><strong>3.)</strong></span> <span class='ocrx_word' id='word_1_720' title='bbox 761 4964 929 5023; x_wconf 82' lang='lat' dir='ltr'><strong>Certissima</strong></span> 
     </span>
     <span class='ocr_line' id='line_1_98' title="bbox 104 5050 929 5123; baseline 0.004 -14"><span class='ocrx_word' id='word_1_721' title='bbox 104 5053 182 5109; x_wconf 90' lang='lat' dir='ltr'><strong>enim</strong></span> <span class='ocrx_word' id='word_1_722' title='bbox 199 5053 306 5122; x_wconf 90' lang='lat' dir='ltr'><strong>sciunt,</strong></span> <span class='ocrx_word' id='word_1_723' title='bbox 323 5050 392 5123; x_wconf 90' lang='lat' dir='ltr'><strong>quia</strong></span> <span class='ocrx_word' id='word_1_724' title='bbox 407 5052 603 5107; x_wconf 87' lang='lat' dir='ltr'><strong>remuneratio</strong></span> <span class='ocrx_word' id='word_1_725' title='bbox 619 5051 752 5111; x_wconf 89' lang='lat' dir='ltr'><strong>laborum</strong></span> <span class='ocrx_word' id='word_1_726' title='bbox 767 5071 867 5109; x_wconf 89' lang='lat' dir='ltr'><strong>eorum</strong></span> <span class='ocrx_word' id='word_1_727' title='bbox 884 5060 929 5112; x_wconf 89' lang='lat' dir='ltr'><strong>est</strong></span> 
     </span>
     <span class='ocr_line' id='line_1_99' title="bbox 103 5140 930 5206; baseline 0.004 -7"><span class='ocrx_word' id='word_1_728' title='bbox 103 5141 176 5199; x_wconf 90' lang='lat' dir='ltr'><strong>visio</strong></span> <span class='ocrx_word' id='word_1_729' title='bbox 191 5140 356 5197; x_wconf 79' lang='lat' dir='ltr'><strong>conditoris</strong></span> <span class='ocrx_word' id='word_1_730' title='bbox 371 5141 427 5195; x_wconf 91' lang='lat' dir='ltr'><strong>sui.</strong></span> <span class='ocrx_word' id='word_1_731' title='bbox 445 5142 526 5206; x_wconf 92' lang='lat' dir='ltr'><strong>Quod</strong></span> <span class='ocrx_word' id='word_1_732' title='bbox 542 5142 670 5198; x_wconf 90' lang='lat' dir='ltr'><strong>ostendit</strong></span> <span class='ocrx_word' id='word_1_733' title='bbox 685 5142 839 5200; x_wconf 73' lang='lat' dir='ltr'><strong>psalmista</strong></span> <span class='ocrx_word' id='word_1_734' title='bbox 862 5162 930 5202; x_wconf 90' lang='lat' dir='ltr'><strong>cum</strong></span> 
     </span>
     <span class='ocr_line' id='line_1_100' title="bbox 40 5229 931 5307; baseline 0.009 -23"><span class='ocrx_word' id='word_1_735' title='bbox 40 5262 44 5268; x_wconf 87' lang='lat'><em>·</em></span> <span class='ocrx_word' id='word_1_736' title='bbox 104 5229 175 5285; x_wconf 90' lang='lat' dir='ltr'><strong>dicit</strong></span> <span class='ocrx_word' id='word_1_737' title='bbox 190 5229 313 5286; x_wconf 88' lang='lat' dir='ltr'><strong>Domino</strong></span> <span class='ocrx_word' id='word_1_738' title='bbox 329 5247 335 5285; x_wconf 92' lang='lat'>:</span> <span class='ocrx_word' id='word_1_739' title='bbox 352 5230 484 5286; x_wconf 83' lang='lat' dir='ltr'><strong>Satiatur</strong></span> <span class='ocrx_word' id='word_1_740' title='bbox 506 5231 572 5286; x_wconf 79' lang='lat' dir='ltr'><strong>darn</strong></span> <span class='ocrx_word' id='word_1_741' title='bbox 594 5233 816 5303; x_wconf 69' lang='lat' dir='ltr'><strong>manifestabitur</strong></span> <span class='ocrx_word' id='word_1_742' title='bbox 837 5236 931 5307; x_wconf 73' lang='lat' dir='ltr'><strong>pteris</strong></span> 
     </span>
     <span class='ocr_line' id='line_1_101' title="bbox 103 5319 928 5396; baseline 0.006 -22"><span class='ocrx_word' id='word_1_743' title='bbox 103 5319 324 5391; x_wconf 81' lang='lat' dir='ltr'><strong>tue(Psat.xv1,</strong></span> <span class='ocrx_word' id='word_1_744' title='bbox 342 5319 395 5391; x_wconf 88' lang='lat'>15).</span> <span class='ocrx_word' id='word_1_745' title='bbox 413 5320 493 5386; x_wconf 93' lang='lat' dir='ltr'><strong>Quod</strong></span> <span class='ocrx_word' id='word_1_746' title='bbox 510 5321 598 5375; x_wconf 88' lang='lat' dir='ltr'><strong>etiam</strong></span> <span class='ocrx_word' id='word_1_747' title='bbox 621 5321 684 5392; x_wconf 90' lang='lat' dir='ltr'><strong>ipse</strong></span> <span class='ocrx_word' id='word_1_748' title='bbox 710 5322 861 5392; x_wconf 80' lang='lat' dir='ltr'><strong>Douriuus,</strong></span> <span class='ocrx_word' id='word_1_749' title='bbox 878 5325 928 5396; x_wconf 92' lang='lat' dir='ltr'><strong>qui</strong></span> 
     </span>
     <span class='ocr_line' id='line_1_102' title="bbox 105 5408 930 5486; baseline 0.01 -24"><span class='ocrx_word' id='word_1_750' title='bbox 105 5424 253 5464; x_wconf 87' lang='lat' dir='ltr'><strong>summam</strong></span> <span class='ocrx_word' id='word_1_751' title='bbox 265 5408 457 5464; x_wconf 88' lang='lat' dir='ltr'><strong>beatitudinis</strong></span> <span class='ocrx_word' id='word_1_752' title='bbox 468 5414 601 5465; x_wconf 89' lang='lat' dir='ltr'><strong>constare</strong></span> <span class='ocrx_word' id='word_1_753' title='bbox 612 5410 837 5478; x_wconf 70' lang='lat' dir='ltr'><strong>demonstratis</strong></span> <span class='ocrx_word' id='word_1_754' title='bbox 849 5430 930 5486; x_wconf 91' lang='lat' dir='ltr'><strong>aspe-</strong></span> 
     </span>
     <span class='ocr_line' id='line_1_103' title="bbox 106 5496 927 5569; baseline 0.01 -19"><span class='ocrx_word' id='word_1_755' title='bbox 106 5497 154 5551; x_wconf 84' lang='lat' dir='ltr'><strong>ctu</strong></span> <span class='ocrx_word' id='word_1_756' title='bbox 169 5496 326 5553; x_wconf 78' lang='lat' dir='ltr'><strong>Dominicas</strong></span> <span class='ocrx_word' id='word_1_757' title='bbox 342 5496 473 5566; x_wconf 85' lang='lat' dir='ltr'><strong>visionis,</strong></span> <span class='ocrx_word' id='word_1_758' title='bbox 486 5498 608 5554; x_wconf 87' lang='lat' dir='ltr'><strong>dicendo</strong></span> <span class='ocrx_word' id='word_1_759' title='bbox 621 5514 627 5551; x_wconf 92' lang='lat'>:</span> <span class='ocrx_word' id='word_1_760' title='bbox 640 5499 717 5553; x_wconf 83' lang='lat' dir='ltr'><strong>Beati</strong></span> <span class='ocrx_word' id='word_1_761' title='bbox 724 5499 826 5556; x_wconf 80' lang='lat' dir='ltr'><strong>mundo</strong></span> <span class='ocrx_word' id='word_1_762' title='bbox 838 5501 927 5569; x_wconf 83' lang='lat' dir='ltr'><strong>corde,</strong></span> 
     </span>
     <span class='ocr_line' id='line_1_104' title="bbox 108 5585 928 5664; baseline 0.01 -24"><span class='ocrx_word' id='word_1_763' title='bbox 108 5586 238 5659; x_wconf 81' lang='lat' dir='ltr'><strong>qvoniam</strong></span> <span class='ocrx_word' id='word_1_764' title='bbox 251 5587 307 5659; x_wconf 81' lang='lat' dir='ltr'><strong>ipat</strong></span> <span class='ocrx_word' id='word_1_765' title='bbox 320 5587 405 5645; x_wconf 77' lang='lat' dir='ltr'><strong>Deam</strong></span> <span class='ocrx_word' id='word_1_766' title='bbox 428 5585 557 5643; x_wconf 79' lang='lat' dir='ltr'><strong>videbant</strong></span> <span class='ocrx_word' id='word_1_767' title='bbox 578 5585 680 5663; x_wconf 64' lang='lat' dir='ltr'><strong>(uerti.</strong></span> <span class='ocrx_word' id='word_1_768' title='bbox 696 5604 725 5658; x_wconf 92' lang='lat' dir='ltr'><strong>v,</strong></span> <span class='ocrx_word' id='word_1_769' title='bbox 742 5587 779 5663; x_wconf 80' lang='lat'><strong>8).</strong></span> <span class='ocrx_word' id='word_1_770' title='bbox 797 5588 928 5664; x_wconf 86' lang='lat' dir='ltr'><strong>Itemque</strong></span> 
     </span>
    </p>
   </div>
   <div class='ocr_carea' id='block_1_19' title="bbox 979 4602 1814 5664">
    <p class='ocr_par' dir='ltr' id='par_1_20' title="bbox 979 4602 1814 5664">
     <span class='ocr_line' id='line_1_105' title="bbox 985 4602 1808 4678; baseline -0.013 -9"><span class='ocrx_word' id='word_1_771' title='bbox 985 4613 1093 4669; x_wconf 82' lang='lat' dir='ltr'><strong>lectum</strong></span> <span class='ocrx_word' id='word_1_772' title='bbox 1109 4607 1180 4663; x_wconf 92' lang='lat' dir='ltr'><strong>illud</strong></span> <span class='ocrx_word' id='word_1_773' title='bbox 1198 4607 1233 4661; x_wconf 83' lang='lat' dir='ltr'><strong>da</strong></span> <span class='ocrx_word' id='word_1_774' title='bbox 1252 4622 1309 4678; x_wconf 89' lang='lat' dir='ltr'><strong>quo</strong></span> <span class='ocrx_word' id='word_1_775' title='bbox 1335 4604 1458 4676; x_wconf 92' lang='lat' dir='ltr'><strong>loquens</strong></span> <span class='ocrx_word' id='word_1_776' title='bbox 1481 4602 1639 4676; x_wconf 83' lang='lat' dir='ltr'><strong>Apostolus</strong></span> <span class='ocrx_word' id='word_1_777' title='bbox 1657 4621 1664 4659; x_wconf 89' lang='lat'><strong>:</strong></span> <span class='ocrx_word' id='word_1_778' title='bbox 1681 4604 1725 4662; x_wconf 79' lang='lat' dir='ltr'><strong>Es</strong></span> <span class='ocrx_word' id='word_1_779' title='bbox 1737 4610 1808 4677; x_wconf 83' lang='lat' dir='ltr'><strong>parte</strong></span> 
     </span>
     <span class='ocr_line' id='line_1_106' title="bbox 983 4695 1805 4768; baseline -0.012 -11"><span class='ocrx_word' id='word_1_780' title='bbox 983 4699 1262 4768; x_wconf 80' lang='lat' dir='ltr'><strong>enimeopaoacimes,</strong></span> <span class='ocrx_word' id='word_1_781' title='bbox 1279 4695 1385 4767; x_wconf 90' lang='lat' dir='ltr'><strong>inquit,</strong></span> <span class='ocrx_word' id='word_1_782' title='bbox 1401 4702 1426 4750; x_wconf 85' lang='lat' dir='ltr'><strong>et</strong></span> <span class='ocrx_word' id='word_1_783' title='bbox 1448 4710 1482 4750; x_wconf 82' lang='lat' dir='ltr'><strong>ee</strong></span> <span class='ocrx_word' id='word_1_784' title='bbox 1504 4701 1584 4766; x_wconf 81' lang='lat' dir='ltr'><strong>parte</strong></span> <span class='ocrx_word' id='word_1_785' title='bbox 1602 4695 1805 4766; x_wconf 78' lang='lat' dir='ltr'><strong>prophetamus.</strong></span> 
     </span>
     <span class='ocr_line' id='line_1_107' title="bbox 984 4780 1807 4856; baseline -0.011 -10"><span class='ocrx_word' id='word_1_786' title='bbox 984 4792 1051 4847; x_wconf 84' lang='lat' dir='ltr'><strong>dum</strong></span> <span class='ocrx_word' id='word_1_787' title='bbox 1064 4797 1155 4844; x_wconf 79' lang='lat' dir='ltr'><strong>eutem</strong></span> <span class='ocrx_word' id='word_1_788' title='bbox 1168 4787 1272 4841; x_wconf 70' lang='lat' dir='ltr'><strong>evenerit</strong></span> <span class='ocrx_word' id='word_1_789' title='bbox 1287 4782 1357 4855; x_wconf 83' lang='lat' dir='ltr'><strong>qaod</strong></span> <span class='ocrx_word' id='word_1_790' title='bbox 1369 4784 1520 4854; x_wconf 71' lang='lat' dir='ltr'><strong>perfectam</strong></span> <span class='ocrx_word' id='word_1_791' title='bbox 1532 4791 1582 4852; x_wconf 80' lang='lat' dir='ltr'><strong>est,</strong></span> <span class='ocrx_word' id='word_1_792' title='bbox 1600 4780 1673 4856; x_wconf 81' lang='lat' dir='ltr'><strong>qaod</strong></span> <span class='ocrx_word' id='word_1_793' title='bbox 1685 4799 1721 4839; x_wconf 75' lang='lat' dir='ltr'><strong>ee</strong></span> <span class='ocrx_word' id='word_1_794' title='bbox 1734 4789 1807 4855; x_wconf 77' lang='lat' dir='ltr'><strong>parte</strong></span> 
     </span>
     <span class='ocr_line' id='line_1_108' title="bbox 982 4871 1805 4944; baseline -0.013 -9"><span class='ocrx_word' id='word_1_795' title='bbox 982 4888 1021 4935; x_wconf 79' lang='lat' dir='ltr'><strong>cet</strong></span> <span class='ocrx_word' id='word_1_796' title='bbox 1034 4877 1210 4934; x_wconf 81' lang='lat' dir='ltr'><strong>evacuabitur</strong></span> <span class='ocrx_word' id='word_1_797' title='bbox 1225 4877 1250 4941; x_wconf 86' lang='lat' dir='ltr'><strong>(t</strong></span> <span class='ocrx_word' id='word_1_798' title='bbox 1263 4873 1323 4929; x_wconf 81' lang='lat' dir='ltr'><strong>Cor.</strong></span> <span class='ocrx_word' id='word_1_799' title='bbox 1341 4890 1402 4941; x_wconf 75' lang='lat' dir='ltr'><strong>xus,</strong></span> <span class='ocrx_word' id='word_1_800' title='bbox 1418 4872 1457 4941; x_wconf 84' lang='lat'><strong>9).</strong></span> <span class='ocrx_word' id='word_1_801' title='bbox 1472 4871 1584 4928; x_wconf 86' lang='lat' dir='ltr'><strong>Deinde</strong></span> <span class='ocrx_word' id='word_1_802' title='bbox 1610 4875 1643 4928; x_wconf 90' lang='lat' dir='ltr'><strong>ut</strong></span> <span class='ocrx_word' id='word_1_803' title='bbox 1663 4871 1805 4944; x_wconf 89' lang='lat' dir='ltr'><strong>quomodo</strong></span> 
     </span>
     <span class='ocr_line' id='line_1_109' title="bbox 983 4957 1805 5041; baseline -0.012 -18"><span class='ocrx_word' id='word_1_804' title='bbox 983 4971 1080 5041; x_wconf 91' lang='lat' dir='ltr'><strong>posset</strong></span> <span class='ocrx_word' id='word_1_805' title='bbox 1096 4964 1195 5036; x_wconf 92' lang='lat' dir='ltr'><strong>aliqua</strong></span> <span class='ocrx_word' id='word_1_806' title='bbox 1210 4960 1402 5017; x_wconf 88' lang='lat' dir='ltr'><strong>similitudine</strong></span> <span class='ocrx_word' id='word_1_807' title='bbox 1417 4960 1592 5032; x_wconf 89' lang='lat' dir='ltr'><strong>ostenderet,</strong></span> <span class='ocrx_word' id='word_1_808' title='bbox 1610 4965 1756 5033; x_wconf 88' lang='lat' dir='ltr'><strong>quantum</strong></span> <span class='ocrx_word' id='word_1_809' title='bbox 1772 4957 1805 5013; x_wconf 86' lang='lat' dir='ltr'><strong>ab</strong></span> 
     </span>
     <span class='ocr_line' id='line_1_110' title="bbox 983 5048 1803 5128; baseline -0.009 -18"><span class='ocrx_word' id='word_1_810' title='bbox 983 5056 1034 5110; x_wconf 92' lang='lat' dir='ltr'><strong>illa</strong></span> <span class='ocrx_word' id='word_1_811' title='bbox 1050 5072 1113 5128; x_wconf 72' lang='lat' dir='ltr'><strong>quas</strong></span> <span class='ocrx_word' id='word_1_812' title='bbox 1129 5054 1227 5108; x_wconf 89' lang='lat' dir='ltr'><strong>lutura</strong></span> <span class='ocrx_word' id='word_1_813' title='bbox 1242 5056 1286 5108; x_wconf 90' lang='lat' dir='ltr'><strong>cst</strong></span> <span class='ocrx_word' id='word_1_814' title='bbox 1301 5051 1390 5106; x_wconf 89' lang='lat' dir='ltr'><strong>distet</strong></span> <span class='ocrx_word' id='word_1_815' title='bbox 1405 5050 1466 5106; x_wconf 84' lang='lat' dir='ltr'><strong>haee</strong></span> <span class='ocrx_word' id='word_1_816' title='bbox 1489 5048 1560 5117; x_wconf 90' lang='lat' dir='ltr'><strong>vita,</strong></span> <span class='ocrx_word' id='word_1_817' title='bbox 1576 5066 1635 5105; x_wconf 90' lang='lat' dir='ltr'><strong>non</strong></span> <span class='ocrx_word' id='word_1_818' title='bbox 1662 5049 1803 5123; x_wconf 91' lang='lat' dir='ltr'><strong>qualium·</strong></span> 
     </span>
     <span class='ocr_line' id='line_1_111' title="bbox 984 5133 1804 5216; baseline -0.012 -16"><span class='ocrx_word' id='word_1_819' title='bbox 984 5162 1099 5216; x_wconf 91' lang='lat' dir='ltr'><strong>cunque</strong></span> <span class='ocrx_word' id='word_1_820' title='bbox 1114 5141 1279 5212; x_wconf 90' lang='lat' dir='ltr'><strong>hominum,</strong></span> <span class='ocrx_word' id='word_1_821' title='bbox 1294 5157 1395 5195; x_wconf 89' lang='lat' dir='ltr'><strong>verum</strong></span> <span class='ocrx_word' id='word_1_822' title='bbox 1412 5139 1499 5195; x_wconf 86' lang='lat' dir='ltr'><strong>etiam</strong></span> <span class='ocrx_word' id='word_1_823' title='bbox 1524 5137 1576 5212; x_wconf 89' lang='lat' dir='ltr'><strong>qui</strong></span> <span class='ocrx_word' id='word_1_824' title='bbox 1600 5139 1750 5212; x_wconf 74' lang='lat' dir='ltr'><strong>precipua</strong></span> <span class='ocrx_word' id='word_1_825' title='bbox 1763 5133 1804 5192; x_wconf 89' lang='lat' dir='ltr'><strong>bie</strong></span> 
     </span>
     <span class='ocr_line' id='line_1_112' title="bbox 984 5222 1804 5301; baseline -0.01 -13"><span class='ocrx_word' id='word_1_826' title='bbox 984 5232 1138 5288; x_wconf 84' lang='lat' dir='ltr'><strong>sanctitate</strong></span> <span class='ocrx_word' id='word_1_827' title='bbox 1153 5233 1222 5286; x_wconf 89' lang='lat' dir='ltr'><strong>sunt</strong></span> <span class='ocrx_word' id='word_1_828' title='bbox 1237 5228 1349 5301; x_wconf 77' lang='lat' dir='ltr'><strong>prediti</strong></span> <span class='ocrx_word' id='word_1_829' title='bbox 1366 5245 1372 5282; x_wconf 91' lang='lat'>:</span> <span class='ocrx_word' id='word_1_830' title='bbox 1389 5229 1568 5295; x_wconf 77' lang='lat' dir='ltr'><strong>eumenem,</strong></span> <span class='ocrx_word' id='word_1_831' title='bbox 1586 5222 1695 5300; x_wconf 80' lang='lat' dir='ltr'><strong>idquit,</strong></span> <span class='ocrx_word' id='word_1_832' title='bbox 1709 5241 1804 5300; x_wconf 83' lang='lat' dir='ltr'><strong>parvv-</strong></span> 
     </span>
     <span class='ocr_line' id='line_1_113' title="bbox 983 5316 1803 5392; baseline -0.01 -16"><span class='ocrx_word' id='word_1_833' title='bbox 983 5322 1036 5389; x_wconf 80' lang='lat' dir='ltr'><strong>las,</strong></span> <span class='ocrx_word' id='word_1_834' title='bbox 1054 5321 1134 5392; x_wconf 76' lang='lat' dir='ltr'><strong>quasi</strong></span> <span class='ocrx_word' id='word_1_835' title='bbox 1145 5319 1280 5391; x_wconf 82' lang='lat' dir='ltr'><strong>paruulus</strong></span> <span class='ocrx_word' id='word_1_836' title='bbox 1293 5319 1442 5389; x_wconf 79' lang='lat' dir='ltr'><strong>sapiebam,</strong></span> <span class='ocrx_word' id='word_1_837' title='bbox 1458 5318 1538 5391; x_wconf 83' lang='lat' dir='ltr'><strong>quasi</strong></span> <span class='ocrx_word' id='word_1_838' title='bbox 1559 5318 1696 5390; x_wconf 80' lang='lat' dir='ltr'><strong>paruulus</strong></span> <span class='ocrx_word' id='word_1_839' title='bbox 1720 5316 1803 5386; x_wconf 84' lang='lat' dir='ltr'><strong>loque·</strong></span> 
     </span>
     <span class='ocr_line' id='line_1_114' title="bbox 984 5406 1803 5482; baseline -0.006 -17"><span class='ocrx_word' id='word_1_840' title='bbox 984 5409 1042 5478; x_wconf 83' lang='lat' dir='ltr'><strong>bur,</strong></span> <span class='ocrx_word' id='word_1_841' title='bbox 1057 5411 1137 5482; x_wconf 76' lang='lat' dir='ltr'><strong>qwr-si</strong></span> <span class='ocrx_word' id='word_1_842' title='bbox 1163 5408 1296 5480; x_wconf 75' lang='lat' dir='ltr'><strong>peraratas</strong></span> <span class='ocrx_word' id='word_1_843' title='bbox 1324 5409 1485 5476; x_wconf 80' lang='lat' dir='ltr'><strong>capitatam.</strong></span> <span class='ocrx_word' id='word_1_844' title='bbox 1511 5408 1580 5464; x_wconf 83' lang='lat' dir='ltr'><strong>Cum</strong></span> <span class='ocrx_word' id='word_1_845' title='bbox 1605 5414 1699 5462; x_wconf 65' lang='lat' dir='ltr'><strong>summ</strong></span> <span class='ocrx_word' id='word_1_846' title='bbox 1723 5406 1803 5476; x_wconf 64' lang='lat' dir='ltr'><strong>[acm</strong></span> 
     </span>
     <span class='ocr_line' id='line_1_115' title="bbox 982 5495 1804 5569; baseline -0.009 -16"><span class='ocrx_word' id='word_1_847' title='bbox 982 5500 1254 5567; x_wconf 66' lang='lat' dir='ltr'><strong>earnemcarnem</strong></span> <span class='ocrx_word' id='word_1_848' title='bbox 1268 5511 1331 5568; x_wconf 72' lang='lat' dir='ltr'><strong>quer</strong></span> <span class='ocrx_word' id='word_1_849' title='bbox 1344 5497 1456 5569; x_wconf 84' lang='lat' dir='ltr'><strong>percuti</strong></span> <span class='ocrx_word' id='word_1_850' title='bbox 1476 5504 1564 5552; x_wconf 77' lang='lat' dir='ltr'><strong>eram.</strong></span> <span class='ocrx_word' id='word_1_851' title='bbox 1584 5495 1713 5552; x_wconf 76' lang='lat' dir='ltr'><strong>t&#39;teemas</strong></span> <span class='ocrx_word' id='word_1_852' title='bbox 1735 5505 1804 5548; x_wconf 80' lang='lat' dir='ltr'><strong>auae</strong></span> 
     </span>
     <span class='ocr_line' id='line_1_116' title="bbox 979 5581 1814 5664; baseline -0.01 -19"><span class='ocrx_word' id='word_1_853' title='bbox 979 5606 1029 5664; x_wconf 83' lang='lat' dir='ltr'><strong>per</strong></span> <span class='ocrx_word' id='word_1_854' title='bbox 1042 5587 1181 5664; x_wconf 80' lang='lat' dir='ltr'><strong>speratam</strong></span> <span class='ocrx_word' id='word_1_855' title='bbox 1207 5588 1237 5644; x_wconf 83' lang='lat' dir='ltr'><strong>ia</strong></span> <span class='ocrx_word' id='word_1_856' title='bbox 1261 5588 1416 5661; x_wconf 75' lang='lat' dir='ltr'><strong>eniqamte,</strong></span> <span class='ocrx_word' id='word_1_857' title='bbox 1433 5594 1497 5644; x_wconf 81' lang='lat' dir='ltr'><strong>tane</strong></span> <span class='ocrx_word' id='word_1_858' title='bbox 1519 5593 1612 5644; x_wconf 83' lang='lat' dir='ltr'><strong>eutem</strong></span> <span class='ocrx_word' id='word_1_859' title='bbox 1631 5586 1705 5662; x_wconf 75' lang='lat' dir='ltr'><strong>[aete</strong></span> <span class='ocrx_word' id='word_1_860' title='bbox 1717 5582 1751 5641; x_wconf 82' lang='lat' dir='ltr'><strong>ad</strong></span> <span class='ocrx_word' id='word_1_861' title='bbox 1762 5581 1814 5653; x_wconf 57' lang='lat' dir='ltr'><strong>sei</strong></span> 
     </span>
    </p>
   </div>
   <div class='ocr_carea' id='block_1_20' title="bbox 0 0 1912 6098">
    <p class='ocr_par' dir='ltr' id='par_1_21' title="bbox 0 0 1912 6098">
     <span class='ocr_line' id='line_1_117' title="bbox 0 0 1912 6098; baseline 0 0"><span class='ocrx_word' id='word_1_862' title='bbox 0 0 1912 6098; x_wconf 95' lang='lat' dir='ltr'><strong> </strong></span> 
     </span>
    </p>
   </div>
  </div>
 </body>
</html>
