3810 6098
55 298 120 359 {65
418 295 469 357 uu
492 294 874 358 uumuusatdauloa'u
897 296 1158 357 utssttauaultt
1179 294 1412 359 costenten.
1712 300 1770 362 tto

52 437 136 488 Duru
164 432 269 486 ceruice
283 436 310 485 ct
332 431 519 485 incircumcisi
544 430 624 486 corde
652 437 677 486 ct
702 429 828 495 oucibus,
844 445 889 484 vot
903 433 931 496 Α
948 429 1072 484 rentiam
1086 446 1180 500 usque
1192 429 1220 483 in
1232 430 1331 484 tinem.
1342 429 1407 486 llaec
1418 431 1494 485 Deras
1506 434 1651 488 lucturum
1664 450 1695 489 se
1707 450 1771 489 esse

54 536 164 591 semper
177 519 299 591 Spiritui
321 526 413 573 sancto
437 520 574 573 restitistis
591 518 657 587 (dcl.
674 535 723 584 var,
739 518 795 584 5)).
808 517 890 572 Unde
945 518 1108 589 praescivit:
1127 517 1190 588 ipsa
1205 521 1250 571 est
1270 517 1488 589 prarlrstinat.io
1504 526 1681 587 sanctornm,
1697 538 1771 593 quos

54 610 132 665 dura
141 607 240 664 cervix
250 608 279 662 in
292 624 325 662 eo
337 607 511 679 populo,qui
522 624 556 661 ex
568 608 678 662 Ilttltldu
689 606 797 662 eunius
809 607 888 661 esti»
944 605 1033 678 elegit
1047 607 1076 660 in
1093 606 1207 661 Christo
1219 611 1285 661 unte
1297 605 1536 661 constitutionem
1553 610 1666 676 meandi,
1679 614 1709 664 ut
1725 627 1770 666 cs·

55 699 90 754 ut
115 701 184 768 post
213 695 493 768 aequamentum
524 694 582 762 illo,
600 694 712 750 scilicet
739 693 888 766 Apostoli),
945 695 1157 749 seutsuoetiet
1173 694 1354 750 immaculati
1371 695 1400 749 in
1414 700 1570 766 conspeetu
1583 697 1646 766 ejus
1662 697 1690 752 in
1706 698 1772 753 elra-

55 787 175 860 quando
186 786 223 841 dc
233 785 343 841 talibus
354 783 496 856 qrraritur
508 784 698 850 admiremur,
712 788 740 838 et
754 787 890 838 manente
945 784 1040 850 ritate,
1054 783 1265 855 praedestinans
1277 801 1327 839 eos
1337 782 1367 838 ia
1379 784 1566 855 adoptionem
1583 784 1710 839 filiorum
1723 803 1772 857 por

56 874 206 932 sententia
216 874 295 945 quod
307 890 363 929 non
376 873 415 928 sit
425 871 567 944 iniquitas
577 873 652 945 apud
667 873 771 942 Deum,
783 872 807 925 si
820 871 890 943 quid
944 872 1045 927 iesum
1062 872 1221 927 Christum.
1234 893 1247 919 u
1259 874 1294 927 Ε)
1308 873 1377 927 item
1391 890 1414 927 :n
1430 871 1502 928 lllud
1520 884 1616 928 tamen
1638 873 1772 930 fidelibus

54 964 127 1021 illud
142 964 265 1019 madiam
278 961 371 1018 nostri
388 978 493 1017 sensus
504 961 670 1026 excesserit,
682 965 710 1015 et
726 959 891 1016 intellectus
945 961 1029 1016 debet
1041 978 1104 1017 esse
1115 960 1323 1029 certissimum,
1337 961 1414 1017 hune
1425 979 1489 1017 esse
1500 978 1534 1017 ex
1547 962 1773 1034 predestinatis,

55 1051 148 1109 nostri
161 1067 221 1106 non
234 1051 376 1123 dignatur
386 1049 548 1121 angustias
561 1049 591 1104 in
604 1049 793 1120 illojustitia.
808 1048 892 1104 mise·
946 1047 1030 1103 illum
1046 1066 1103 1103 non
1119 1065 1193 1104 esse.
1204 1071 1217 1098 a

58 1138 462 1212 ricordiae,prascientiaque
473 1138 576 1193 divina
587 1136 892 1211 plenitudineperma·
981 1138 1015 1192 Et
1038 1137 1230 1192 Cassiodorus
1254 1137 1283 1193 in
1309 1138 1459 1194 Psalmnm
1476 1158 1524 1196 xm
1539 1157 1546 1195 :
1560 1163 1573 1189 a
1590 1140 1708 1207 Revera,
1726 1139 1772 1194 in·

58 1246 127 1286 uere
143 1229 325 1283 inconcussa
349 1227 484 1298 aequitate
504 1227 677 1281 fateamur.»
693 1227 728 1281 Et
743 1227 812 1281 item
838 1224 890 1280 ali·
946 1225 1019 1298 quit,
1032 1225 1086 1298 ipsi
1102 1227 1236 1282 restituta
1252 1232 1295 1281 est
1312 1227 1530 1295 hareditas,·cui
1547 1233 1613 1284 ante
1629 1228 1772 1284 conditio·

58 1322 169 1392 quanto
186 1316 325 1389 superius
337 1316 406 1387 (cap.
420 1316 464 1383 13)
477 1332 503 1370 t»
515 1314 609 1387 Elegit
623 1331 767 1386 vasaque
783 1315 891 1369 fuceret
946 1332 1013 1369 narn
1029 1331 1127 1369 rerum
1145 1315 1238 1370 irrorat
1259 1315 1288 1369 in
1309 1316 1563 1388 praedestinatione
1583 1315 1698 1372 collata.
1713 1339 1726 1365 n
1737 1317 1773 1372 Ε)

57 1409 85 1464 iu
102 1408 261 1472 honorem,
273 1412 301 1460 et
314 1404 380 1461 illos
393 1421 409 1458 a
421 1408 544 1459 ventura
556 1403 599 1458 ira
612 1403 687 1459 douo
698 1403 830 1474 gratuite
842 1420 890 1457 vo·
946 1404 1014 1458 item
1028 1419 1034 1458 :
1048 1427 1062 1453 n
1079 1403 1237 1459 Hereditas
1253 1403 1360 1458 Christi
1383 1410 1427 1460 est
1448 1406 1654 1477 praedasstinata
1673 1405 1772 1461 multi-

54 1496 182 1553 cationis
198 1493 335 1561 absolvit,
352 1492 424 1548 alios
440 1491 648 1564 derelinquens
664 1493 699 1547 ad
716 1491 891 1563 aequalitatis
946 1494 1017 1547 tudo
1032 1498 1213 1548 sanctornm.
1228 1516 1241 1540 a
1253 1494 1287 1547 Ε)
1309 1494 1338 1548 in
1361 1493 1477 1548 Psalmo
1501 1512 1610 1550 x1.1x:«
1628 1495 1772 1550 Memento

52 1584 201 1659 iudicium
219 1582 398 1638 reservavit:
411 1580 483 1636 nulli
499 1585 596 1636 tamen
612 1580 803 1654 agnoscenda
817 1580 890 1634 veri·
927 1583 1023 1653 'qnod
1035 1599 1086 1653 per
1096 1581 1149 1637 has
1161 1580 1319 1637 allusiones
1332 1582 1601 1654 praedestinatorum
1616 1600 1772 1639 numerum

54 1674 125 1730 tatis
145 1671 275 1728 abstulit
290 1669 471 1726 l'acultatcm.
484 1671 519 1725 Ε)
543 1669 584 1724 ita
605 1669 756 1742 plenitudo
786 1669 889 1723 divine
944 1669 1100 1742 siguificat,
1113 1687 1170 1725 non
1183 1671 1218 1726 de
1234 1671 1296 1726 sola
1312 1672 1465 1744 Synagoga
1476 1673 1656 1738 iudeorum,
1669 1674 1719 1728 sed
1738 1674 1773 1728 de

55 1760 251 1837 praescientia
263 1759 293 1814 in
306 1759 379 1814 alios
390 1758 697 1829 manantejustitia,in
712 1757 784 1812 alios
795 1758 891 1828 qratia
945 1759 1059 1813 cannetis
1075 1759 1211 1831 gentibus
1227 1776 1291 1815 esso
1311 1760 1499 1831 cornpletum.
1528 1783 1542 1809 n
1557 1762 1591 1816 Ε)
1607 1761 1636 1815 iu
1659 1761 1773 1817 Psalmo

56 1851 222 1925 profluente
238 1846 384 1919 completa
400 1852 453 1902 est.
469 1871 481 1895 n
493 1847 564 1902 ltem
588 1848 689 1902 laeatus
704 1846 847 1918 Angustia
854 1864 887 1901 aas
950 1865 1041 1902 naxvn
1054 1864 1078 1902 :a
1097 1849 1206 1904 Parosti
1220 1851 1250 1904 in
1264 1848 1408 1905 claritudine
1423 1858 1470 1905 laco
1483 1852 1606 1921 prosperi.
1625 1852 1704 1918 Deus,
1720 1850 1771 1905 Pa·

56 1940 83 1995 ia
99 1938 177 1994 libro
197 1938 233 1992 de
254 1935 442 2008 Correptiune
468 1941 496 1990 et
521 1935 618 1990 Gratia
629 1941 698 2006 (cap.
716 1935 777 2006 12);
792 1958 806 1984 «
826 1935 889 2006 lpse
943 1936 1027 2002 rasti,
1039 1936 1186 2009 signillcat
1198 1937 1482 2010 predestinatos,q11i
1495 1939 1530 1992 ab
1543 1938 1654 2009 origine
1668 1938 1772 1993 mundi

56 2028 145 2101 igitur
154 2044 209 2083 eos
219 2025 291 2082 iacit
301 2041 483 2097 perseverare
494 2024 523 2080 in
535 2024 621 2090 bono,
635 2024 683 2095 qui
697 2024 765 2078 farcit
776 2024 867 2077 laonos
880 2039 887 2075 ι
944 2024 1509 2097 ipsomiserentopraeparalisuutodtin
1518 2025 1632 2082 Psalmo
1640 2043 1772 2082 uxxsvnr:

56 2118 104 2190 qui
121 2120 225 2172 autem
242 2114 354 2169 cadunt
369 2116 397 2168 et
412 2118 544 2185 pereunt,
560 2112 590 2167 in
613 2112 888 2185 praedestinatorum
944 2136 957 2161 a
969 2113 1111 2168 Ecnltetnr
1123 2113 1233 2168 (lectura
1246 2121 1303 2168 tun.
1313 2114 1496 2170 Clariticetur
1512 2132 1653 2171 numerus
1668 2115 1776 2186 prado·

57 2221 183 2262 nurnero
201 2221 260 2259 non
278 2204 407 2258 luerunt.
422 2224 435 2250 »
944 2200 1132 2267 stinatorum,
1146 2200 1196 2273 qui
1213 2205 1257 2257 est
1271 2202 1307 2256 ad
1332 2202 1480 2256 dexteram
1498 2202 1696 2257 collocandus.
1710 2224 1722 2250 u
1740 2203 1775 2257 Et

89 2293 285 2350 Audiatcum
311 2290 412 2347 schola
440 2308 494 2347 sua
519 2289 726 2347 Gothesealcus
754 2290 889 2362 prinecps
945 2289 973 2343 in
991 2288 1107 2344 Psalmo
1123 2306 1194 2345 scm
1209 2291 1271 2345 Non
1287 2290 1365 2345 enim
1382 2290 1643 2362 possuntalatere
1661 2290 1775 2345 bomini

58 2388 260 2447 narratorum,
273 2385 302 2436 et
318 2379 406 2452 hujus
423 2380 528 2452 inique
545 2378 733 2434 fabulationis
747 2377 889 2433 ressusei·
942 2377 987 2432 vel
1004 2377 1145 2433 adextris
1160 2379 1224 2448 ejus
1240 2379 1354 2448 cadere,
1367 2379 1416 2450 qui
1428 2379 1492 2450 jam
1511 2380 1708 2435 intentorum
1723 2397 1775 2434 nu·

58 2479 110 2537 tor,
121 2470 197 2544 quid
207 2470 288 2525 dieat
298 2473 418 2525 sanetus
428 2468 611 2541 Augustinus
624 2485 648 2522 :a
662 2468 693 2523 ln
705 2465 891 2540 prenestino·
945 2483 1025 2523 mero
1035 2467 1232 2538 predestinati
1245 2484 1309 2523 esse
1325 2472 1497 2524 noscuntur.
1510 2468 1565 2524 Sed
1582 2469 1636 2524 hoc
1651 2469 1687 2524 dc
1702 2485 1775 2540 prae-

58 2566 154 2616 torum
173 2575 298 2614 numero
315 2574 373 2612 non
398 2557 524 2612 luerunt.
535 2555 563 2612 Si
580 2555 665 2611 vellet
688 2560 717 2610 et
731 2553 889 2620 debuisset,
945 2555 1148 2627 sumptoribus
1165 2556 1237 2610 liene
1248 2556 1424 2629 dicitnr,qui
1440 2555 1512 2611 illud
1524 2574 1555 2612 se
1567 2557 1705 2629 consequi
1717 2575 1777 2612 cre·

59 2648 267 2706 convenienter
280 2647 376 2702 dicere
392 2647 544 2716 potuisset,
555 2645 607 2711 Qui
624 2649 721 2700 autem
738 2643 848 2698 cadrrnt
862 2646 891 2697 et

59 2742 195 2814 pereunt,
207 2736 246 2792 ad
260 2734 414 2791 interitum
430 2733 628 2807 praedestinati
646 2735 771 2799 l'uerunt,
784 2735 812 2786 et
827 2730 891 2785 ideo

60 2827 231 2884 oeciderunt
247 2828 275 2881 ct
290 2822 448 2898 perierunt.
458 2846 471 2870 a
482 2823 518 2877 Ε)
532 2823 601 2878 item
617 2826 737 2877 sanetus
752 2819 890 2890 Augusti·

60 2933 115 2972 uus
131 2916 162 2971 in
177 2915 302 2987 prefato
317 2911 391 2968 libro
416 2912 451 2966 ad
477 2910 571 2967 locum
585 2914 655 2982 (cap.
670 2911 713 2978 13)
726 2926 732 2964 :
745 2933 759 2959 «
773 2909 837 2963 Hae
856 2909 891 2963 de

60 3004 107 3061 his
121 3004 232 3077 loquor
246 3002 297 3075 qui
312 2999 510 3074 predestinati
535 3003 604 3055 siant
627 3000 663 3054 ad
692 3014 813 3070 regnum
829 2996 890 3067 Dei,

61 3109 188 3167 quorum
204 3092 247 3146 ita
260 3096 358 3147 certus
371 3094 413 3145 est
430 3105 581 3159 uumerus,
595 3092 627 3143 ut
641 3103 694 3142 nee
710 3086 834 3141 addatur
849 3087 891 3140 cis

62 3183 235 3255 quisquam,
244 3196 298 3236 uec
307 3179 459 3234 minuatur
468 3194 502 3232 ex
513 3177 555 3233 cis
565 3194 571 3232 :
583 3194 639 3232 non
653 3174 893 3246 dehisqui,eun1
910 3162 930 3228 C
948 3193 999 3247 per
1013 3176 1183 3241 exstruitur,
1194 3175 1264 3247 quia
1275 3175 1405 3248 quotidie
1421 3177 1456 3231 de
1467 3175 1676 3232 confitentibus
1689 3174 1777 3230 adill-

63 3269 270 3327 annuntiasset
285 3274 313 3325 et
329 3267 446 3323 locutus
460 3270 547 3332 esset,
557 3264 743 3337 multiplicati
760 3267 827 3320 suut
844 3280 892 3317 su·

64 3375 313 3433 pernumerem.»
323 3357 358 3412 Et
368 3357 438 3411 item
449 3354 477 3410 in
490 3355 590 3410 eodem
604 3353 710 3408 librom
720 3352 755 3407 Hi
764 3369 831 3406 vcro
843 3351 892 3424 qui

64 3465 117 3504 nou
133 3446 288 3522 pertinent
299 3446 335 3501 ad
346 3445 424 3500 hunc
436 3442 710 3516 praedestinatorum
724 3456 892 3506 numerum,

65 3553 134 3609 quos
148 3536 200 3591 Dei
217 3533 397 3607 gratiamne
413 3533 542 3587 nondum
555 3530 696 3585 habentes
712 3529 805 3584 ullum
822 3528 892 3584 libe-

66 3642 126 3681 rum
151 3642 215 3680 sum
231 3622 391 3679 voluntatis
416 3619 653 3690 arbitrium,sive
679 3634 746 3672 cum
772 3617 894 3672 arbitrio

52 3712 235 3779 uoluntatis,
247 3710 312 3766 ideo
325 3726 391 3765 vero
407 3707 497 3763 libero
509 3707 577 3779 quia
594 3724 645 3779 per
660 3706 752 3778 ipsam
770 3705 894 3777 gratiam

67 3796 346 3873 libcrato,perducit
360 3798 396 3853 ad
414 3813 547 3868 regnum,
560 3794 589 3850 hi
604 3794 740 3866 ergo‚qui
758 3811 814 3848 nou
831 3810 895 3866 per·

67 3892 156 3947 tinent
167 3891 205 3946 ad
223 3889 314 3943 istum
327 3885 525 3942 certissimum
536 3889 564 3940 et
574 3883 784 3940 electissimum
797 3899 896 3938 uume-

68 3996 139 4050 rum,
152 3974 206 4052 pio
223 3976 338 4033 meritis
353 3974 520 4046 justissime
536 3973 737 4046 judicantur.»
749 3973 784 4026 Ε)
806 3971 893 4027 item:

69 4092 82 4117 ι
92 4068 119 4124 si
129 4068 155 4124 is
168 4066 219 4140 qui
233 4063 437 4137 corripiturad
450 4063 725 4136 praedestinatorum
738 4077 895 4115 nanterum

67 4156 201 4228 peniuet,
212 4154 253 4209 sit
263 4153 289 4208 ci
301 4150 444 4223 correptio
457 4150 575 4206 salubre
591 4149 837 4205 medicamentum
851 4165 857 4203 :
870 4145 896 4204 si

67 4248 164 4300 autem
182 4258 243 4298 uon
258 4240 394 4314 pertinet,
407 4239 446 4294 sit
456 4239 482 4294 ei
494 4238 637 4311 correptio
648 4237 761 4311 poeuale
772 4242 898 4292 tormen·

67 4336 139 4389 turn.
152 4355 168 4383 a
181 4332 217 4387 Ε)
241 4329 312 4386 item
323 4329 395 4401 (rap.
408 4330 451 4400 15)
465 4345 471 4382 ι
486 4352 499 4378 a
513 4327 603 4382 Nobis
627 4327 746 4399 quidem
770 4330 850 4392 tunc,
867 4325 897 4380 id

67 4425 109 4478 est
122 4420 246 4494 quaudo
261 4417 505 4491 evangelizamus,
519 4415 622 4488 incipit
640 4432 704 4471 csse
723 4415 848 4487 quisque
864 4416 896 4468 lt-

67 4508 123 4565 lius
140 4508 224 4582 pacis
240 4523 307 4562 cum
323 4504 465 4561 obedierit
480 4505 549 4560 huic
571 4504 736 4577 Evangelio,
748 4508 777 4559 et
791 4521 825 4559 ex
842 4504 899 4560 lide

65 4595 247 4670 justificatus
259 4611 360 4668 pacem
372 4594 408 4649 ad
420 4593 512 4649 Deum
525 4592 631 4649 hahere
646 4593 766 4664 coeperit
776 4610 782 4648 :
793 4609 896 4648 secun-

69 4685 136 4742 dum
152 4683 442 4758 praedestinationem
459 4686 557 4737 autem
573 4681 634 4750 llei,
642 4683 705 4754 Jam
723 4681 800 4738 filius
816 4683 896 4754 pacis

69 4781 138 4831 erat.
151 4774 255 4847 Neque
266 4770 344 4829 euim
358 4772 468 4827 dictum
485 4776 539 4838 est,
550 4787 735 4843 superquam
747 4772 895 4844 requieve-

69 4864 105 4919 rit
119 4881 177 4936 pax
193 4867 302 4930 vestra,
315 4863 363 4917 fiet
378 4860 457 4917 filius
478 4860 559 4934 pacis
576 4876 582 4916 z
600 4861 649 4915 sed
673 4861 722 4916 cta·
740 4862 835 4932 sumit,
852 4861 896 4914 in-

69 4951 141 5024 quit,
155 4952 235 5024 fitius
248 4951 338 5023 pacis,
353 4952 501 5022 requiescet
519 4950 695 5022 superillitus
714 4949 825 5006 dumam
840 4967 898 5022 pcc

69 5047 153 5097 naha
169 5041 248 5108 (Lac.
259 5057 289 5106 x,
299 5040 361 5107 6).»
376 5039 410 5093 Ε)
425 5038 494 5094 item
508 5055 514 5094 :
527 5061 540 5086 a
558 5037 679 5093 Proinde
700 5043 843 5110 qnantum
859 5039 896 5093 ad

70 5146 121 5186 uos
131 5128 271 5203 pertinet,
280 5127 331 5200 qui
347 5127 568 5200 praedestinatos
579 5145 596 5183 a
607 5144 663 5183 non
681 5127 897 5198 praedestinatis

70 5216 234 5274 discernere
259 5232 317 5271 non
341 5215 482 5272 natenius.
503 5239 516 5265 u
532 5217 568 5272 Ε)
597 5216 644 5272 hic
673 5199 895 5286 attendendum,

54 5321 156 5381 ,quere
172 5323 232 5362 noa
249 5305 324 5361 dixit
339 5309 459 5360 sanctus
474 5306 667 5379 Augustinus,
680 5305 729 5377 qui
746 5305 896 5378 pradesti-

70 5400 150 5452 uatos
165 5396 245 5452 1⁰2
266 5394 303 5450 ed
322 5391 412 5449 vitam
425 5410 442 5449 a
456 5394 671 5466 praedestinatis
687 5395 722 5450 ad
745 5395 895 5451 interitum

60 5480 234 5542 'discernere
250 5499 310 5538 non
326 5481 468 5538 valemus.
479 5484 515 5540 Ε)
526 5484 603 5555 quod
615 5484 678 5556 jam
695 5484 848 5557 posuimus
862 5501 898 5540 ex

70 5570 141 5639 lbra
155 5574 192 5640 de
209 5573 293 5637 Bono
308 5572 530 5650 perseverantie
542 5589 568 5633 z«
578 5572 655 5636 Deus
667 5573 755 5633 donat
769 5589 899 5652 perseve-

945 2645 1104 2716 duntquod
1117 2644 1238 2698 ruimme
1251 2651 1483 2716 promerentur.»
1495 2647 1528 2701 Ε)
1540 2647 1567 2700 in
1583 2646 1698 2701 Psalmo
1708 2663 1754 2701 xci
1767 2663 1773 2702 :

946 2734 1042 2788 «llum
1056 2733 1197 2804 plantatio
1207 2734 1324 2799 dieitur,
1335 2734 1552 2806 praedestinatio
1562 2735 1677 2789 Domini
1687 2735 1776 2809 signi-

946 2824 1059 2883 llcatur,
1072 2821 1142 2893 quia
1159 2821 1216 2876 nisi
1232 2823 1298 2893 quis
1314 2824 1345 2877 in
1367 2841 1402 2878 ea
1426 2823 1576 2895 plantatus
1601 2824 1699 2890 suerit,
1714 2841 1774 2879 cre-

946 2915 1078 2965 mentum
1095 2909 1298 2980 felicissimum
1325 2928 1383 2966 nou
1399 2911 1520 2967 habebit
1536 2929 1543 2967 ε
1559 2933 1572 2959 »
1583 2912 1619 2966 Ε)
1642 2910 1672 2965 in
1696 2910 1775 2968 Psal-

946 3015 994 3053 mo
1004 3016 1057 3055 xcv
1069 3015 1093 3052 :«
1106 2999 1216 3053 Domus
1238 2998 1315 3053 euim
1343 2999 1410 3064 ista,
1422 3000 1450 3054 id
1466 3004 1510 3054 est
1534 2998 1708 3054 universalis
1722 3001 1774 3054 Ee-

946 3087 1044 3152 clesia,
1062 3104 1120 3158 qna
1132 3087 1264 3142 Christus
1280 3087 1520 3154 inhabitaturis
1537 3086 1687 3158 lapidibus
1702 3103 1776 3142 sem·

948 3264 1071 3319 rationis
1088 3265 1180 3318 sumit
1202 3269 1470 3336 nirgurentum,nec
1495 3263 1632 3319 aedificari
1657 3263 1774 3333 desinit,

949 3354 1039 3408 tltttlcc
1051 3370 1145 3426 usque
1158 3354 1192 3408 ad
1210 3354 1297 3408 finem
1315 3353 1412 3409 saculi
1431 3354 1704 3426 predestinatorum
1721 3370 1776 3408 uu·

949 3459 1046 3497 uterus
1059 3441 1284 3514 impleuerant
1294 3442 1323 3497 in
1335 3443 1449 3497 Psalmo
1461 3460 1509 3498 cru
1519 3459 1544 3497 :n
1554 3443 1586 3498 Ε)
1595 3441 1670 3498 ccrlri
1682 3442 1778 3496 Libani

948 3548 1015 3603 qurrs
1030 3532 1172 3602 ploratusti,
1189 3531 1216 3585 id
1235 3535 1279 3585 ost
1295 3548 1359 3603 qna
1375 3537 1425 3586 tua
1440 3531 1694 3603 predestinatione
1709 3534 1778 3586 sunt

949 3620 977 3673 in
995 3619 1144 3692 roligionis
1160 3620 1361 3676 amoenissimo
1376 3621 1512 3692 paradiso
1524 3620 1700 3675 constituta.
1714 3642 1727 3667 n
1743 3620 1778 3674 Ε)

949 3706 1017 3762 item
1036 3709 1063 3762 iu
1080 3709 1180 3763 eodmu
1195 3726 1218 3763 :a
1233 3708 1336 3764 Orrrnis
1350 3709 1450 3779 justus
1466 3725 1533 3763 eum
1550 3708 1601 3763 Dei
1617 3706 1776 3763 Ecclesiam

950 3817 984 3855 ou
988 3799 1031 3871 pit
1044 3799 1155 3872 augeri,
1167 3804 1331 3871 peccatores
1344 3803 1424 3869 optat
1440 3798 1502 3854 sine
1513 3796 1694 3852 ‹liabitatioue
1705 3813 1775 3853 con·

948 3889 1036 3942 verti:
1049 3888 1174 3943 maxime
1186 3904 1252 3942 eum
1264 3884 1607 3942 noveritdesiderahilem
1619 3886 1776 3940 adveutum

950 3976 1065 4032 Domini
1078 3976 1216 4049 usquead
1234 3976 1507 4048 praedestinatorum
1518 3992 1674 4030 animorum
1692 3990 1778 4046 posse

950 4066 1102 4138 suspendi.
1117 4089 1130 4114 υ
1142 4066 1176 4120 Ε)
1199 4066 1228 4119 iu
1258 4064 1372 4120 Psalmo
1388 4082 1472 4120 cavan
1485 4081 1492 4118 ε
1505 4087 1518 4114 a
1532 4064 1594 4118 Non
1617 4065 1777 4136 incongrue

950 4152 1109 4209 Ecclesiam
1122 4153 1379 4225 catholicamque
1391 4153 1486 4226 adhuc
1499 4152 1527 4206 in
1539 4152 1594 4209 isto
1605 4153 1715 4207 mundo
1727 4168 1776 4224 ge·

951 4244 1034 4311 ritur,
1050 4248 1175 4315 quatuor
1190 4243 1324 4298 cardines
1341 4241 1442 4297 arnadi
1459 4240 1587 4296 indicare
1604 4244 1775 4306 noscuntur,

952 4333 1070 4404 quando
1086 4332 1182 4387 adhuc
1197 4332 1368 4403 imperfecta
1384 4334 1438 4397 est,
1453 4330 1544 4384 donec
1561 4327 1778 4400 praedestinato·

953 4439 1017 4477 rum
1034 4438 1189 4477 numerum
1206 4423 1405 4491 competenter
1419 4416 1561 4490 acquirat.
1573 4439 1587 4466 »
1599 4417 1633 4472 Ε)
1647 4416 1676 4470 ia
1694 4415 1777 4472 Psal·
1874 4445 1876 4449 >

913 4532 936 4596 D
952 4527 1000 4577 mo
1025 4527 1109 4564 oxum
1123 4527 1146 4564 :n
1160 4512 1287 4581 deputas
1303 4524 1382 4576 eum,
1394 4506 1495 4578 utique
1507 4506 1537 4561 in
1553 4505 1657 4562 ovibus
1671 4504 1731 4562 tuis
1746 4505 1776 4562 in

953 4616 1074 4654 numero
1097 4596 1383 4670 predestinatorum.
1397 4618 1410 4645 >1
1423 4594 1473 4650 His
1492 4593 1633 4651 sententis
1657 4600 1775 4651 saneto·

950 4705 1016 4742 rum
1032 4688 1183 4742 doctorum
1205 4683 1395 4740 animadverti
1413 4688 1518 4757 potest,
1535 4684 1676 4756 quianon
1704 4702 1776 4757 pra-

950 4776 1144 4833 destinatione
1159 4774 1208 4830 Dei
1227 4774 1383 4846 quisquam
1400 4773 1486 4846 perit,
1503 4790 1556 4830 nec
1573 4773 1666 4829 Jonas
1681 4773 1775 4846 periit,

951 4882 1003 4921 nec
1019 4865 1105 4921 etiarm
1121 4864 1183 4937 ipse
1202 4863 1400 4919 Antichristus
1423 4863 1570 4918 maximus
1594 4863 1686 4937 periet
1702 4879 1708 4919 :
1726 4863 1775 4919 scd

952 4953 1123 5009 inlidelitate
1137 4957 1166 5007 et
1181 4951 1375 5024 perseueranti
1399 4950 1554 5023 iniquitate
1570 4955 1693 5022 pereunt
1711 4947 1777 5020 qui-

951 5059 1067 5114 cunque
1083 5044 1218 5114 perenna
1236 5040 1305 5111 quia
1320 5039 1397 5095 Deus
1413 5039 1562 5095 neminem
1578 5037 1683 5094 deserit
1699 5040 1777 5090 anto-

950 5148 1039 5204 quam
1054 5131 1215 5186 deseratur.
1229 5129 1375 5185 Praescivit
1390 5132 1487 5184 tamen
1504 5129 1581 5183 Deus
1597 5131 1661 5182 ante
1677 5122 1777 5179 omnia

951 5218 1067 5286 sacnla,
1080 5219 1155 5275 sicut
1166 5223 1194 5273 et
1209 5218 1326 5283 ludam,
1339 5234 1441 5272 omnes
1453 5217 1597 5289 perituros
1607 5212 1775 5284 quicunqne

951 5306 1136 5382 pererrut,vel
1148 5305 1269 5379 perituri
1286 5311 1364 5374 suut,
1374 5307 1460 5376 juxta
1471 5304 1549 5376 quod
1560 5301 1703 5372 scriptum
1718 5305 1775 5370 est,

950 5398 1057 5455 Sciebat
1069 5399 1143 5453 caim
1159 5397 1234 5452 1⁰8
1250 5396 1327 5452 iesus
1348 5396 1396 5466 qui
1413 5401 1501 5448 essert
1515 5408 1570 5447 aon
1588 5389 1735 5458 credemus,
1751 5399 1778 5449 ct

952 5489 1012 5563 quis
1027 5486 1180 5543 traditurus
1194 5492 1263 5541 essct
1275 5501 1336 5540 curn
1352 5483 1431 5549 (iona
1444 5496 1482 5548 m,
1497 5480 1553 5547 65).

986 5577 1021 5637 Ε)
1031 5574 1170 5656 quoniam
1181 5577 1301 5633 sanctus
1310 5567 1492 5660 Augustinus
1504 5566 1586 5646 plura
1604 5569 1721 5632 locutus
1732 5579 1777 5635 est
