3810 6098
104 283 163 352 lid
391 258 399 271 Ἰ
466 325 469 328 «
569 286 763 349 uiuentem
787 279 1012 347 RHEMENSIS
1034 281 1343 345 nuculmlscort.
1749 283 1812 343 m

103 420 301 492 tione,etpost
315 418 383 475 lacit
397 418 427 474 in
443 435 539 492 opere,
549 420 585 476 nd
600 418 822 476 retributionem
834 417 926 490 justi·
940 417 968 484 Α
983 414 1117 471 Ecclesiae
1133 415 1257 495 positus,
1271 415 1311 472 ita
1321 416 1371 472 lie-i
1389 413 1675 488 praedestinationem
1685 412 1813 470 voluerit

103 508 150 564 tire
168 507 293 582 pertinet
310 524 316 563 :
333 508 411 580 quod
434 508 506 564 dum
530 507 681 582 augustius
704 506 808 563 mortis
831 505 923 578 petiit,
981 504 1077 560 dicere
1092 502 1251 576 geminam,
1269 509 1303 560 ut
1317 504 1347 560 in
1361 505 1464 561 ellectu
1480 520 1602 577 operum
1613 502 1732 576 Dei‚qui
1744 501 1815 563 teeti

103 597 189 653 iidem
206 614 290 652 suam
306 596 336 651 in
352 596 489 669 gentibus
504 596 646 665 dilatavit,
659 598 737 668 quod
745 597 808 669 jam
819 596 926 651 lecerat
980 610 1044 665 qua
1060 592 1160 648 lutura
1174 596 1253 660 suut,
1262 592 1317 648 hoc
1328 596 1406 649 reato
1417 610 1506 649 seusu
1518 590 1686 666 intelligat:
1701 590 1816 648 seilicet

103 686 133 743 in
148 683 414 759 praedestinatione,
432 690 460 742 et
474 691 541 758 post
551 686 658 742 leoitin
669 685 804 758 operc,ad
814 686 925 740 donum
982 686 1013 736 ut
1028 682 1064 737 ad
1078 681 1185 737 electos
1200 681 1311 737 donum
1326 680 1426 754 gretie
1437 680 1592 755 pertinere,
1606 685 1635 737 et
1645 680 1813 737 seeundum

101 774 201 847 gratiae
217 773 280 830 sine
296 774 385 831 dubio
401 775 536 848 pertinet.
548 776 583 830 Et
596 774 674 830 inira
689 775 717 828 in
733 774 834 829 eodem
850 773 925 828 libro
980 768 1160 842 superiorem
1175 786 1306 836 sensum,
1320 770 1357 826 ad
1372 770 1512 843 reprobos
1528 767 1756 826 retributionem
1765 769 1813 841 jae

102 867 173 935 (cap.
191 862 234 934 15)
251 879 258 918 ;
276 886 290 913 a
307 863 379 920 Hinc
395 868 449 931 est,
464 864 571 937 inquit,
588 864 665 936 quod
689 868 717 918 ot
733 863 857 935 Moyses,
874 860 924 933 qui
979 858 1065 914 stitia
1082 859 1206 916 fateatur
1217 876 1224 915 ε
1237 863 1270 915 ut
1283 859 1360 915 dono
1375 859 1475 933 gratie
1491 856 1575 915 electi
1588 857 1812 931 sintpredesti·

101 951 528 1009 elvelidalortibusetterrena
538 953 665 1008 infirmis
676 952 823 1007 dicturum
834 967 865 1006 se
877 966 926 1006 no·
980 947 1040 1003 nati
1056 948 1091 1003 ed
1109 946 1210 1016 vitum,
1225 953 1254 1004 et
1263 947 1323 1005 illis
1332 946 1394 1005 vita
1404 947 1442 1005 sit
1457 946 1668 1021 praedestinata
1681 952 1811 1006 elamat

100 1045 191 1107 verat,
212 1040 349 1096 dicebat:
365 1042 539 1114 Eaapeetetur
565 1043 637 1097 sicat
661 1042 757 1113 pluuia
786 1040 926 1113 eloquiam
979 1036 1094 1108 reprobi
1103 1040 1202 1093 autern
1213 1037 1362 1094 noualleo
1372 1035 1620 1110 praedestinantur
1629 1037 1667 1093 ad
1679 1052 1810 1109 paenam,

101 1144 203 1200 menna,
214 1136 242 1184 et
254 1128 416 1185 descendant
427 1131 498 1185 aient
513 1145 556 1185 ras
570 1129 650 1184 uerba
664 1145 727 1185 mea
742 1122 923 1201 (Deetssxxxn
979 1126 1030 1181 sed
1045 1141 1080 1180 ox
1090 1125 1282 1182 retributione
1286 1126 1298 1196 j
1303 1124 1409 1181 ustitia
1417 1124 1477 1182 illis
1487 1141 1573 1198 panna
1583 1125 1815 1197 predestinatus

101 1220 140 1286 2).
156 1217 212 1273 Sed
229 1232 295 1273 eece
309 1217 476 1273 audivimus
489 1233 547 1291 quo
561 1234 681 1273 munere
705 1216 853 1290 gentilitas
875 1233 924 1272 vo·
979 1218 1096 1270 eterna.
1113 1214 1176 1270 Non
1192 1214 1342 1271 discordat
1355 1231 1374 1270 a
1388 1230 1456 1272 vero
1471 1214 1496 1271 si
1512 1213 1588 1271 hane
1598 1213 1653 1271 Ilei
1663 1215 1814 1288 praedesti·

101 1309 185 1364 eatur
201 1321 207 1362 :
225 1306 381 1362 audiamus
396 1323 473 1361 nunc
487 1322 545 1377 qua
559 1305 740 1362 districtione
761 1305 864 1362 iudea
879 1320 924 1362 re·
979 1303 1128 1359 nationem
1144 1302 1187 1359 sic
1199 1302 1270 1359 dicit
1280 1301 1664 1375 geminam,sieuicatholici
1675 1303 1813 1361 doctores

102 1393 229 1467 pellitur.
243 1394 416 1450 Audivimus
426 1395 573 1467 quomodo
585 1394 700 1450 deserta
710 1393 925 1464 extollutaren·
979 1391 1150 1448 charitatem
1166 1392 1318 1465 geminam
1334 1391 1515 1464 dicuntque
1531 1392 1731 1463 unaest‚etin
1743 1410 1811 1466 pra)

101 1481 301 1538 tiainlundat:
312 1483 468 1537 audiamus
480 1485 753 1556 nuncquomodoee
763 1500 827 1556 quae
838 1482 923 1555 quasi
978 1479 1071 1552 ceptis
1086 1480 1213 1546 duobus,
1233 1480 1388 1538 dilectione
1402 1479 1538 1537 videlicet
1560 1480 1659 1538 Dei'et
1672 1482 1808 1556 proximi,

100 1569 236 1625 videatur
250 1569 364 1625 interna
379 1570 521 1643 projiciat
539 1572 639 1644 Neque
662 1571 741 1628 enim
755 1571 798 1626 sic
814 1570 925 1643 colligit
978 1567 1097 1640 gemina
1112 1569 1230 1625 dicitur.
1247 1571 1282 1626 Et
1297 1568 1373 1626 sicut
1392 1586 1470 1625 unus
1494 1573 1539 1626 est
1561 1568 1691 1642 Spiritus
1708 1575 1738 1627 et
1752 1571 1808 1628 duo

17 1649 20 1655 ’
100 1656 208 1714 electos
218 1663 250 1715 ut
260 1674 316 1713 uon
328 1658 416 1714 etiem
423 1660 535 1730 judicet
548 1661 794 1732 reprobos‚neque
807 1659 848 1716 sic
859 1659 924 1733 qui·
978 1658 1047 1712 data
1059 1674 1066 1714 ε
1078 1657 1119 1714 ita
1133 1675 1193 1714 nna
1207 1663 1251 1714 est
1266 1658 1316 1715 Dei
1332 1657 1627 1730 predestinatioque
1636 1663 1692 1715 ant
1703 1660 1742 1716 ad
1759 1661 1806 1716 do·

100 1746 226 1805 busdam
242 1744 344 1819 culpas
359 1746 478 1818 relaxat,
489 1753 589 1804 utnon
605 1749 677 1805 etin
693 1749 871 1832 quibusdam
883 1749 923 1805 le·
941 1790 963 1856 B
979 1763 1051 1802 num
1067 1745 1192 1818 pertinet
1205 1746 1370 1820 gratiaeaut
1384 1747 1420 1803 eal
1437 1745 1659 1803 retributionem
1668 1747 1803 1819 justitie.

100 1833 166 1889 alat.
183 1834 331 1907 Scriptum
348 1836 456 1909 quippe
470 1842 516 1893 eet
531 1855 538 1895 :
556 1837 742 1895 Misericordia
756 1840 830 1894 enim
844 1845 870 1895 et
882 1839 926 1895 ire
980 1836 1014 1891 Et
1029 1834 1105 1891 siout
1115 1835 1224 1891 Paulus
1235 1837 1312 1892 800
1323 1835 1412 1892 dicit:
1425 1835 1528 1891 Christi
1538 1835 1624 1892 tanus
1635 1836 1806 1895 merome

100 1923 134 1979 ab
150 1923 198 1979 itta
214 1925 307 1995 (Eceli.
322 1942 349 1991 v,
365 1927 406 1994 7.)
423 1947 437 1975 a
980 1924 1031 1980 lieo
1047 1926 1077 1979 ie
1092 1926 1168 1980 omni
1182 1924 1277 1992 laceat
1287 1925 1316 1979 ia
1330 1923 1375 1980 iris
1387 1940 1435 1997 qut
1450 1924 1523 1980 salui
1536 1924 1647 1997 flectet
1659 1927 1691 1981 ia
1705 1927 1807 1999 bisqtti

134 2014 213 2070 860
228 2014 263 2069 Et
278 2013 347 2086 quia
362 2032 465 2088 nuper,
483 2022 516 2073 ut
539 2034 653 2074 vermes
677 2017 804 2074 redivivo
827 2017 924 2089 impiae
976 2020 1091 2085 pereant
1106 2013 1141 2082 (ll
1156 2012 1217 2070 Cor.
1234 2031 1264 2082 11,
1282 2013 1344 2081 l5);
1361 2031 1419 2069 uno
1435 2013 1596 2086 eodemque
1620 2014 1699 2071 hano
1719 2016 1807 2074 odon

101 2101 188 2157 lamis
205 2103 300 2159 lurore
311 2104 460 2171 commoti,
473 2110 649 2162 rescatentes
661 2105 923 2171 Praedestinatiani‚
979 2101 1099 2174 quidam
1107 2101 1178 2158 salvi
1191 2102 1399 2174 fiuntquidatn
1410 2106 1508 2165 autem
1519 2108 1661 2175 pereuni:
1672 2103 1724 2177 qui
1735 2104 1806 2168 flulti

100 2190 924 2267 otaeuenteslinguassuassicutserpentes‚spuentcsque
978 2192 1064 2258 fiunt,
1084 2191 1184 2263 gratis
1207 2192 1284 2248 dono
1308 2190 1459 2248 salvantur
1482 2195 1511 2247 et
1534 2197 1716 2249 coronantur
1732 2210 1739 2248 :
1756 2192 1807 2266 qui

98 2296 244 2336 venenum
259 2280 395 2352 aspidum
405 2281 440 2337 de
449 2282 600 2339 sublabiis
609 2282 922 2349 suis,contenduntDei
978 2285 1110 2353 pereunt,
1127 2297 1182 2336 sua
1196 2271 1349 2352 iniquitate
1365 2283 1498 2353 pereunt,
1514 2284 1591 2336 etex
1610 2281 1805 2340 retributione

99 2368 382 2441 predestinationem
396 2370 543 2444 geminam
555 2389 628 2444 esse,
636 2371 790 2444 palliantes
803 2388 860 2428 nen
872 2389 924 2444 per
973 2368 1095 2441 justitie
1111 2369 1284 2441 puniuntur.
1298 2390 1312 2418 a
1324 2370 1358 2425 Et
1368 2372 1400 2425 ut
1413 2369 1681 2441 beatusGregerius
1691 2370 1724 2427 in
1736 2373 1807 2428 Tra·

98 2461 193 2513 toturn
206 2457 353 2530 rejicendo
363 2460 481 2516 nomine
492 2460 723 2516 abominandum
734 2478 924 2533 sensumper-
977 2461 1055 2512 ctatu
1069 2456 1227 2514 Ezechielis
1243 2457 1464 2530 prophetasad
1480 2462 1510 2514 et
1523 2456 1553 2513 in
1569 2457 1735 2516 Marelibus
1749 2460 1806 2518 tot

99 2561 186 2602 verse
200 2544 923 2622 intelligentie.0uiasicutvenerabilisBedapre·
976 2544 1047 2600 dicit
1064 2562 1070 2601 :
1089 2566 1104 2594 «
1117 2544 1204 2600 Panis
1217 2544 1307 2601 vitam
1323 2544 1442 2602 fortium
1466 2546 1593 2614 roborat,
1610 2547 1804 2619 parvulorum

99 2634 198 2707 sbyter
212 2634 242 2690 in
257 2639 426 2693 commento
442 2636 589 2710 Evangelii
606 2639 691 2694 Lucae
707 2639 795 2694 dicit:
809 2662 822 2688 a
835 2637 923 2694 Nulla
976 2637 1071 2702 necat,
1086 2637 1115 2689 et
1128 2631 1203 2689 lenis
1219 2633 1325 2690 sibilus
1340 2650 1432 2706 equos
1448 2633 1574 2706 mitigat,
1586 2635 1702 2692 catulos
1717 2635 1806 2693 insti·

98 2722 436 2799 tetradoemnaeatque
446 2726 684 2800 nonaliquavera
695 2728 921 2784 intermisceat.»
974 2725 1067 2794 gat,et
1082 2739 1160 2778 unus
1177 2721 1314 2796 idemque
1329 2720 1373 2779 sol
1389 2739 1487 2779 cemm
1497 2721 1805 2795 liquat,lutumstrin·

97 2813 134 2868 Et
148 2816 268 2870 sauctus
279 2812 405 2887 Cyrillus
414 2814 450 2871 ad
463 2814 616 2889 Eulogium
628 2817 830 2890 presbytemm
842 2819 922 2889 (aptat
974 2811 1045 2884 git.»
1061 2811 1142 2868 Sicut
1158 2816 1187 2868 et
1197 2812 1301 2868 beatus
1310 2812 1493 2885 Augustinus
1503 2811 1533 2867 in
1545 2812 1671 2884 septimo
1684 2812 1801 2887 psalmo

96 2902 144 2970 at)
155 2919 162 2958 :
175 2924 188 2950 a
201 2901 264 2958 Non
279 2903 389 2972 amnia,
402 2903 506 2977 inquit,
519 2921 699 2979 quecunque
714 2906 816 2962 dieunt
830 2907 920 2962 hare·
975 2900 1092 2974 exponit
1106 2901 1207 2957 dicens
1219 2919 1226 2957 ε
1239 2925 1253 2952 «
1265 2902 1321 2958 Scd
1337 2901 1406 2974 quia
1416 2918 1473 2957 non
1483 2900 1606 2974 sagittas
1616 2904 1801 2972 tantumaed

98 2990 146 3046 tiai
159 2991 297 3064 leger-eet
307 2992 434 3049 refutare
445 2994 536 3050 decet.
549 2993 641 3051 Multa
651 2995 729 3051 enirn
743 2996 922 3051 confitentur
974 2989 1063 3046 etium
1078 3007 1148 3047 vasa
1163 2990 1265 3046 mortis
1280 2991 1354 3046 dixit
1367 2990 1397 3046 in
1414 3007 1482 3046 arcu
1498 2991 1654 3047 Dominum
1665 3008 1800 3063 parasse,

97 3080 175 3136 sicu-t
189 3084 218 3136 et
228 3098 280 3136 nos
291 3082 465 3137 eoulitemnr
475 3099 482 3138 ε
494 3081 572 3138 velut
580 3083 679 3139 Ariani
690 3085 807 3156 quando
818 3083 921 3139 dicunt
975 3077 1064 3150 quari
1075 3082 1241 3151 potestque
1252 3079 1311 3135 siut
1321 3096 1390 3135 vasa
1401 3079 1555 3147 martiana
1564 3079 1638 3135 sorte
1649 3079 1780 3138 heretici
1791 3098 1800 3138 r

97 3168 212 3224 Patrem
229 3169 298 3241 quin
313 3169 431 3225 Creator
443 3174 487 3226 est
502 3172 636 3228 oninium
651 3177 680 3228 ot
690 3158 956 3238 [luminosum-C
974 3183 1042 3221 uum
1057 3170 1085 3222 et
1100 3166 1155 3240 ipsi
1171 3183 1206 3223 ex
1221 3167 1322 3223 eodem
1337 3184 1418 3235 areu,
1435 3167 1463 3222 id
1481 3171 1525 3223 est
1540 3184 1574 3222 ex
1597 3167 1705 3239 iisdem
1728 3168 1801 3226 scri·

97 3256 167 3328 qnid
182 3261 301 3328 propter
315 3256 369 3311 hoc
385 3257 484 3330 lugere
499 3275 683 3331 consequens
694 3260 920 3330 esthujusmodl
974 3253 1068 3327 pluris
1083 3256 1113 3311 in
1127 3255 1253 3325 animat,
1270 3273 1327 3312 ¹¹0ss
1343 3255 1484 3312 thuribii&
1501 3255 1802 3329 lnfltffimflfldffltd,

96 3341 316 3402 aeclessionesl
331 3343 378 3400 Sic
393 3351 422 3400 et
439 3344 469 3400 in
494 3346 626 3403 Nestoris
651 3334 737 3417 dieat,
755 3347 822 3403 licet
845 3349 920 3405 duas
973 3361 1083 3400 veneno
1099 3344 1398 3418 mortisperimandas
1410 3345 1653 3418 insiliunt3quod
1665 3363 1724 3403 nou
1736 3364 1803 3405 eone

97 3435 229 3499 naturas,
244 3431 442 3489 diversitatem
468 3432 638 3507 signilleans
661 3435 758 3492 caruis
777 3440 806 3493 et
820 3437 918 3506 Verbi,
974 3432 1062 3506 tingit
1072 3433 1128 3490 nisi
1143 3433 1479 3507 promeritis.Propterea
1492 3433 1596 3490 divine
1607 3434 1803 3495 Providentia

95 3519 187 3576 altura
201 3521 280 3577 enim
295 3520 382 3578 Verbi
395 3527 510 3590 nature,
521 3522 613 3580 ultera
626 3525 723 3581 carnis
738 3531 793 3597 est,
810 3527 860 3583 scd
875 3531 920 3581 te·
973 3522 1062 3579 etiam
1078 3522 1144 3595 ipsa
1157 3523 1310 3596 dispositio
1326 3523 1483 3580 tribuenda
1496 3527 1542 3580 est
1556 3539 1564 3581 ι
1580 3541 1639 3580 nou
1655 3524 1803 3598 quiaipsa

95 3625 162 3667 men
179 3624 365 3683 nequaquam
377 3612 516 3668 unionem
528 3613 684 3671 confitetur
694 3615 920 3673 nobiscumNos
974 3616 1140 3684 peccatores
1155 3612 1233 3681 lacit,
1251 3613 1301 3668 sed
1318 3612 1388 3684 quia
1402 3613 1467 3685 ipsa
1482 3612 1598 3670 ordinat
1611 3628 1680 3669 curn
1696 3630 1802 3686 pecen-

95 3702 193 3755 autem
203 3698 263 3754 hae
272 3698 406 3756 unientes
415 3700 444 3756 in
454 3717 653 3770 normanum
664 3703 919 3771 Christummnum
973 3699 1077 3755 verint·
1094 3699 1168 3756 Malo
1184 3701 1264 3756 enim
1278 3706 1344 3757 veto
1355 3717 1406 3774 per
1416 3706 1567 3774 peceatum
1578 3701 1802 3775 tegentesmate

95 3787 352 3856 Filium,eumdem
368 3806 459 3845 unum
476 3791 567 3846 Deum
584 3793 786 3849 confitemur.»
799 3793 834 3848 Et
849 3794 918 3850 item
973 3793 1119 3862 coguntur
1133 3787 1307 3862 intelligere,
1323 3794 1355 3845 ut
1371 3790 1435 3862 ipsa
1449 3791 1489 3847 sit
1498 3808 1584 3863 poena
1599 3792 1803 3863 peceatiouu·

95 3874 146 3931 ubi
161 3892 252 3948 supra
265 3876 439 3934 venerabilis
450 3879 527 3935 Beda
542 3881 692 3954 presbyter
706 3899 740 3938 ex
753 3882 850 3938 verbis
864 3885 920 3937 Aa·
973 3894 1039 3932 rum
1054 3880 1152 3933 tamen
1169 3881 1261 3934 morte
1273 3877 1326 3933 filii
1341 3876 1491 3934 catholicae
1506 3878 1640 3936 Ecclesia
1656 3885 1800 3956 tanquam

94 3961 223 4035 gustiui:
238 3985 252 4015 a
261 3963 293 4019 ln
301 3963 446 4023 hereticis
454 3972 483 4022 et
493 3967 579 4024 malis
591 3967 743 4026 catholicis
756 3986 813 4026 nen
825 3987 920 4027 sacra·
973 3966 1151 4038 quibusdam
1167 3966 1260 4039 spinis
1275 3983 1293 4022 a
1307 3984 1410 4024 somno
1425 3967 1636 4037 excitantnr‚ut
1645 3970 1680 4025 ad
1693 3968 1802 4027 intelli·

94 4056 195 4108 menta
208 4053 386 4121 eommunia,
400 4053 429 4110 in
444 4057 552 4128 quibus
569 4057 722 4115 nobiscum
739 4062 809 4115 sunt
823 4064 852 4116 et
867 4059 919 4115 ud·
973 4054 1102 4129 gentiam
1118 4054 1282 4111 divinarum
1294 4055 1448 4128 proficiunt
1458 4057 1802 4131 Scripturarumeporre

92 4156 273 4198 versumnos
282 4143 662 4214 nonsunt,seddivisiouclir
673 4146 737 4218 paci
746 4147 920 4220 veritatique
972 4145 1047 4200 enim
1060 4144 1177 4201 tereres
1192 4160 1258 4211 ease,
1275 4143 1435 4216 eteruisti,
1452 4144 1558 4216 inquit,
1574 4146 1718 4216 manifesti
1731 4147 1803 4218 fiant

93 4227 352 4303 contrariamque
367 4231 522 4287 adversum
534 4236 918 4299 nossentetbeumnouse-
973 4233 1045 4289 inter
1060 4249 1114 4303 eoa,
1130 4250 1197 4289 cum
1211 4232 1358 4289 manifesti
1375 4233 1435 4289 sint
1448 4233 1516 4289 Deo.
1531 4234 1574 4288 An
1591 4233 1664 4290 sorte
1678 4235 1801 4310 easdem

94 4326 225 4390 quantur
238 4317 546 4388 nobiscum‚detestari
561 4325 590 4378 et
600 4321 754 4395 prohibere
765 4322 917 4380 debemus.
973 4320 1097 4394 sagittas
1111 4325 1140 4378 et
1153 4337 1223 4378 vasa
1236 4321 1339 4378 mortis
1350 4320 1496 4395 disposuit
1505 4320 1542 4378 ad
1556 4321 1717 4395 perniciem
1733 4322 1802 4381 iau„

93 4404 175 4464 liade
188 4408 329 4480 quoniam
344 4408 591 4467 Gothesculcuset
601 4411 646 4467 sui
658 4410 816 4484 complices
826 4412 918 4485 gerni·
973 4410 1095 4479 delium,
1111 4414 1140 4466 et
1154 4412 1289 4468 ardentes
1305 4411 1346 4467 vel
1363 4409 1535 4468 ardentibus
1549 4414 1688 4483 operatus
1700 4415 1747 4472 est
1761 4412 1801 4474 ed

94 4511 162 4551 narn
173 4496 459 4568 praedestinationem
473 4500 645 4569 dicunt‚uon
655 4517 706 4574 per
718 4493 813 4558 to'tum
824 4518 919 4574 neque
933 4526 957 4593 D
972 4499 1208 4556 exercitationem
1220 4499 1351 4556 fidelium
1360 4500 1445 4557 lNou
1455 4500 1533 4556 enim
1543 4498 1653 4568 salsum
1664 4501 1802 4574 estquod

93 4581 124 4636 in
139 4585 200 4638 toto
215 4582 270 4640 hoe
280 4587 406 4644 refutare
418 4588 623 4658 debemus,sed
636 4606 755 4647 sensum
768 4590 918 4647 catholice
971 4588 1129 4662 Apostolus
1144 4589 1233 4645 dicit:
1245 4590 1316 4646 Atta
1329 4589 1501 4646 samuaodor
1511 4589 1575 4646 uita²
1585 4589 1615 4645 ia
1625 4589 1721 4661 viem,
1732 4588 1802 4652 aliis

93 4668 350 4728 fideicontrarium
361 4673 391 4729 in
402 4674 456 4732 boc
467 4677 620 4750 dictaque
631 4679 918 4751 praedestinationem
971 4679 1039 4736 odor
1051 4682 1148 4737 mortis
1164 4681 1195 4737 in
1218 4687 1343 4736 mertem.
1359 4679 1395 4734 Et
1417 4678 1454 4734 ad
1478 4677 1540 4734 haee
1563 4674 1631 4748 quis
1653 4676 1802 4740 idoneus!

94 4756 144 4814 bei
160 4759 309 4830 geminam
325 4766 471 4831 astruunt,
488 4765 556 4822 fidei
570 4766 719 4825 catholica
736 4768 787 4824 lilii
804 4769 916 4826 abomi-
971 4769 1034 4826 Non
1049 4786 1118 4843 ergo
1134 4769 1253 4841 mirum,
1269 4767 1295 4824 si
1311 4767 1389 4824 idem
1411 4765 1535 4840 aposloli
1554 4769 1585 4822 et
1605 4781 1677 4824 vasa
1693 4764 1802 4832 martie

94 4846 157 4902 nari
171 4850 200 4903 et
214 4847 461 4907 anathematizare
480 4853 631 4911 debemus.
648 4856 755 4913 Dicunt
777 4857 867 4926 enirn,
884 4863 918 4915 ut
971 4859 1023 4927 eis,
1040 4859 1180 4931 aquibus
1203 4855 1434 4931 persecutionem
1459 4854 1541 4929 passi
1562 4857 1642 4923 suut,
1659 4857 1689 4910 et
1706 4853 1801 4927 ignem

93 4951 183 5009 supra
202 4935 289 5009 louge
311 4938 518 5009 praemisimus,
535 4942 604 5012 quin
627 4944 705 5000 siout
728 4944 811 5002 electi
827 4948 916 5005 aDeo
971 4942 1802 5020 sagittaesuntadinflammandaeordacredentium.Post

93 5025 340 5100 praedestinantur
354 5027 389 5081 ad
403 5026 503 5097 vitam,
519 5029 560 5084 ita
574 5032 689 5103 reprobi
704 5051 721 5088 a
736 5033 795 5090 Deo
810 5037 918 5106 praede·
970 5036 1046 5093 hane
1055 5041 1153 5094 autom
1163 5035 1411 5109 dispensationem
1415 5031 1801 5107 justumveuietjudicium¹

94 5114 243 5172 stipantur
259 5115 294 5170 ad
310 5119 444 5171 mortem.
460 5116 514 5184 Qui
531 5121 591 5172 tem
606 5119 715 5176 vitandi
731 5127 803 5178 sunt
816 5123 917 5180 Eccle-
972 5126 1008 5181 de
1023 5143 1080 5200 quo
1094 5126 1135 5183 ita
1150 5126 1230 5195 dicit,
1248 5130 1280 5181 ut
1293 5124 1492 5197 intelligamus
1508 5121 1666 5195 unicuique
1684 5121 1802 5189 homiui

93 5202 190 5271 simut
203 5204 229 5261 si
244 5203 306 5261 lieri
322 5207 427 5277 potest,
444 5205 521 5261 sicut
532 5206 568 5262 de
582 5205 706 5279 leprosis
721 5209 871 5269 hereticos
881 5212 920 5269 si·
972 5215 1150 5288 supplicium
1166 5214 1227 5271 lieri
1244 5216 1279 5270 de
1293 5218 1520 5287 peceatosuo‚et
1532 5212 1557 5269 ei
1568 5210 1755 5284 iniquitatem
1767 5209 1802 5280 ia

93 5293 423 5368 gallicantibuslcgitnr‚
431 5293 549 5369 longius
560 5296 663 5353 remoti
673 5315 780 5372 magno
790 5300 920 5360 clamore
972 5322 1087 5378 paenam
1098 5304 1235 5361 converti.
1245 5304 1303 5359 Neo
1312 5307 1449 5377 putemus
1460 5303 1541 5361 illam
1552 5298 1802 5372 tranquillitatem

93 5380 242 5439 Ebristum
258 5381 453 5458 interpellent,
469 5389 497 5441 et
511 5401 578 5442 cum
591 5383 657 5443 aliis
667 5388 763 5446 turbis
773 5407 830 5448 uon
842 5409 919 5449 com·
972 5400 1002 5451 et
1014 5392 1161 5451 ineffabile
1176 5392 1277 5450 lumen
1292 5393 1342 5451 Dei
1355 5396 1391 5450 de
1405 5411 1437 5450 ae
1447 5392 1575 5467 prolerre
1587 5389 1666 5445 uude
1677 5391 1804 5462 peccata

94 5471 239 5543 priment;
256 5473 292 5530 de
316 5475 425 5549 quibus
448 5474 564 5551 legitur,
587 5475 642 5546 Qut
664 5485 825 5538 steterteua
841 5483 920 5556 tange
972 5484 1134 5559 puniantur
1149 5499 1158 5539 ι
1173 5483 1224 5540 sed
1239 5482 1305 5556 ipsa
1318 5487 1437 5557 peccata
1456 5483 1498 5539 sic
1522 5479 1669 5554 ordinere,
1685 5480 1721 5536 ut
1733 5493 1806 5551 quta

93 5558 169 5636 (tae.
184 5577 253 5634 xvir,
270 5563 325 5643 te).
343 5564 397 5637 Qui
411 5582 478 5627 vero
496 5565 528 5626 in
551 5562 619 5628 sinu
642 5567 792 5629 catholice
814 5572 920 5634 matris
972 5574 1092 5633 luerunt
1105 5571 1320 5635 delectamenta
1331 5570 1444 5632 homiui
1455 5567 1600 5649 peccanti,
1615 5564 1805 5635 staturus·
