3810 6098
461 330 514 392 ab
532 327 911 391 PuAEuesrtunrloue
932 324 1190 389 olsseurarto
1211 325 1443 390 Posreurett.
1485 299 1494 308 ι

95 329 155 392 res
256 303 260 307 ’
1742 330 1808 392 ue

93 480 224 538 parcere,
241 467 271 519 et
284 462 446 521 obduratos
460 468 567 519 aterna
584 462 695 519 ultione
710 463 850 518 damnare
866 484 879 510 »
889 460 924 516 et
937 459 965 529 Α
979 460 1243 534 praedestinationis
1257 461 1388 518 ollactus.
1401 484 1414 511 a
1427 461 1462 516 Et
1475 461 1544 519 item
1560 462 1588 519 in
1610 464 1710 522 codem
1725 462 1800 522 libro

92 551 124 609 ia
142 552 259 610 Psalmo
282 553 407 608 cxxxviu
425 568 431 608 :
451 553 631 608 «dissolvisti
654 569 717 607 cam
739 553 773 607 «ab
796 551 924 607 maunda-
978 553 1122 624 (rup.8):«
1136 551 1193 606 Cur
1208 567 1275 623 ergo
1296 569 1354 607 non
1369 568 1470 606 omues
1485 553 1569 608 docet
1584 558 1617 609 ut
1630 553 1747 610 veniant
1762 555 1799 610 ad

93 646 177 709 tione,
195 642 326 699 ctacdcm
349 644 407 715 cjea
437 645 466 698 iu
495 650 567 699 terra
595 643 729 698 collisisti.
748 643 924 714 Frequenter
976 641 1137 708 Christum,
1150 640 1283 711 nisiquia
1297 658 1399 697 omnes
1415 658 1488 713 quos
1504 642 1588 696 docet
1603 643 1802 701 misericordia

91 732 235 789 emundat
247 729 390 788 divinitas
401 748 475 804 quos
485 730 624 804 flagellat,
635 736 668 787 at
683 735 840 804 purgatum
851 730 923 786 reci·
978 731 1070 796 docet,
1088 748 1161 803 quos
1177 735 1274 786 autem
1299 748 1356 786 non
1373 732 1466 799 docet,
1480 731 1591 802 judicio
1619 749 1676 788 uon
1692 734 1800 791 docet?

92 823 156 896 piat
171 837 261 893 quem
277 821 406 892 peccatis
422 820 573 876 sordidum
590 821 755 893 respuebat,
769 837 843 892 qrros
857 837 923 876 vero
978 818 1116 892 queniam
1133 821 1217 891 cujus
1232 820 1295 875 vult
1309 819 1473 886 miseretur,
1486 825 1514 875 et
1529 837 1616 893 quem
1632 822 1694 877 vult
1708 823 1801 878 obda-

94 912 130 968 ab
146 909 360 967 emundatione
375 909 515 978 dissolvit,
532 909 562 964 id
584 915 628 965 est
647 910 778 979 removit,
795 909 848 964 hos
859 911 922 981 Jam
978 913 1037 977 rat;
1050 910 1099 965 sed
1116 910 1270 965 miseretur
1285 911 1361 965 bona
1373 909 1647 978 tribuens,obdurat
1658 911 1747 984 digna
1761 928 1803 970 re·

93 1007 122 1057 ct
136 1001 281 1055 damnare
296 999 432 1054 decrevit.
442 1000 624 1072 Quapropter
639 996 697 1053 illis
714 998 761 1053 hio
776 999 924 1071 significat
978 999 1600 1071 tribueranlltitemsanetusrlagustinnsin
1610 1001 1803 1059 librodePrac'-

93 1087 284 1160 ludaeos,qui
295 1087 492 1144 obstinatione
507 1088 614 1143 mentis
625 1087 774 1142 Christum
788 1105 924 1158 spernere
978 1088 1171 1145 destinatione
1187 1088 1285 1160 gratiae
1297 1089 1366 1162 (cap.
1379 1091 1404 1155 l,
1416 1092 1444 1157 5)
1454 1106 1478 1143 :a
1491 1091 1565 1162 Ergo
1576 1090 1719 1163 quidquid
1735 1097 1802 1165 past

95 1177 276 1234 maluerunt.
287 1177 377 1232 Sedes
388 1193 504 1248 quaque
515 1193 615 1232 eorum
627 1176 656 1230 in
666 1180 742 1231 terra
752 1173 854 1231 collisa
868 1180 923 1241 est,
978 1176 1058 1233 illam
1070 1177 1335 1248 praevaricationem
1345 1178 1575 1251 natussnpplicii
1584 1180 1671 1236 bomo
1681 1181 1800 1254 patitur,

95 1266 215 1341 quando
241 1270 414 1338 respuentes
437 1281 531 1337 regem
556 1265 713 1320 Dominum
738 1265 923 1333 salvatorem,
974 1266 1047 1338 justi
1061 1265 1318 1338 reddimeritoque
1335 1268 1469 1323 fateatur.
1483 1270 1621 1325 luaturare
1636 1272 1713 1325 enim
1730 1271 1802 1327 dici·
1852 1310 1861 1323 ,

51 1386 55 1398 ·
95 1372 285 1427 nequaquam
296 1355 331 1409 de
346 1359 433 1426 gente
444 1372 498 1410 sua
508 1353 671 1426 principem
683 1353 805 1409 ulterius
817 1355 925 1410 habere
979 1361 1027 1412 tur
1036 1356 1289 1427 Deuseum,quem
1300 1357 1413 1412 mollire
1423 1358 1612 1415 noluerit-‚Sic
1621 1361 1708 1416 etiam
1717 1377 1805 1417 exoa·

95 1449 279 1502 meruerunt.
296 1444 387 1500 Sedes
401 1445 480 1500 enim
503 1460 554 1516 pro
575 1459 664 1515 regno
682 1444 778 1517 posita
793 1450 847 1500 est.
861 1468 874 1495 o
891 1447 926 1500 [dt
978 1463 1044 1502 care
1055 1445 1195 1501 dicendas
1202 1449 1325 1518 csteum
1336 1462 1421 1518 quem
1434 1446 1600 1504 illuminare
1611 1450 1803 1508 noluerit.Sio

95 1535 163 1590 item
181 1534 214 1589 in
230 1534 334 1590 eodem
352 1549 377 1588 :a
389 1533 456 1605 lpse
470 1537 514 1588 est
529 1532 720 1588 commutatio
731 1532 849 1600 Christi,
861 1551 925 1607 qaae
979 1535 1066 1591 etiam
1096 1533 1233 1607 repellere
1253 1551 1331 1603 eum,
1349 1552 1552 1607 quemrocare
1581 1539 1803 1615 noluerit.()oos

97 1622 262 1680 obstinatos
272 1621 443 1690 deseruit,et
453 1621 553 1677 fideles
563 1621 638 1676 dono
651 1638 709 1677 suae
721 1621 838 1694 pietatis
850 1623 924 1679 asci-
978 1627 1053 1682 caim
1067 1624 1283 1697 praeterierat,
1294 1626 1356 1680 illos
1365 1632 1391 1680 ct
1401 1628 1511 1696 certarit,
1520 1628 1581 1682 illos
1595 1638 1621 1682 et
1630 1630 1801 1700 jeatificavit.

96 1712 142 1767 vit.
157 1735 172 1759 a
183 1712 220 1767 Et
235 1711 267 1765 in
282 1708 398 1765 Psalmo
413 1727 481 1766 cvru
492 1726 499 1765 τ
512 1711 577 1766 Sive
593 1710 688 1783 magis
703 1728 762 1766 una
777 1711 925 1783 generatio
979 1715 1044 1787 lpse
1055 1713 1262 1769 enimdeditut
1272 1712 1561 1785 simus,ipscutboui
1571 1733 1633 1772 esse
1643 1719 1801 1790 possimus.

98 1800 144 1856 illa
158 1800 288 1856 dicenda
311 1804 365 1866 est,
379 1800 497 1872 quando
512 1799 540 1854 iu
558 1799 684 1872 peccatis
708 1800 857 1855 nascimur
874 1818 880 1855 :
897 1805 964 1898 etB
981 1802 1126 1859 Praescivit
1141 1820 1193 1858 aas
1210 1804 1274 1874 oJ'as
1289 1802 1437 1869 divinitas,
1449 1804 1591 1874 sapientia
1604 1807 1743 1875 condidit,
1752 1810 1801 1880 ju-

98 1890 158 1946 ideo
173 1889 252 1963 petit
268 1893 300 1944 ut
315 1889 350 1944 ad
374 1889 543 1955 secundam,
561 1889 590 1943 id
605 1892 649 1945 est
664 1889 923 1962 regenerationem,

98 1997 151 2035 aon
167 1977 353 2053 perveniant.
368 1978 421 2043 Qui
442 1982 539 2033 maren
563 1978 591 2032 in
611 1978 865 2050 praedestinatione
880 1996 923 2036 re·
979 1984 1023 2039 vis
1034 1999 1085 2054 pro
1096 1986 1226 2053 ternpore
1237 1998 1270 2035 ex
1281 1997 1338 2052 qao
1354 1981 1447 2035 lactus
1457 1985 1501 2036 est
1512 1984 1679 2054 emperit,in
1695 1984 1745 2041 illa
1756 1988 1802 2043 di-

979 1891 1803 1968 stitiadamnavit,gratialiberarit.blundusenimquam·
1893 1894 1896 1899 ’

97 2068 171 2142 pulsi
199 2071 283 2139 sunt,
296 2071 327 2123 ut
341 2066 372 2122 in
389 2066 484 2140 prima
498 2071 683 2139 peccatorum
708 2084 829 2123 suorum
858 2069 925 2124 lace

98 2158 277 2231 dispereant,
296 2173 349 2212 nee
373 2157 507 2212 secundae
532 2155 692 2211 nativitatis
717 2156 857 2212 beneficio
883 2157 924 2213 la-

98 2264 206 2320 queum
221 2245 326 2302 mortis
341 2247 475 2302 evadant.
491 2247 547 2302 Sed
563 2247 623 2302 hac
638 2247 728 2303 ethis
744 2248 853 2304 similia
866 2248 924 2305 illis

98 2337 248 2407 dicuntur,
256 2335 307 2409 qui
319 2336 349 2391 in
360 2335 474 2391 Domini
483 2336 664 2406 judicatione
673 2337 832 2393 damnandi
844 2342 924 2394 sunt.

128 2426 246 2498 thuia
257 2430 369 2481 unaest
380 2425 925 2499 praedestinatio,sanetusAugustinus

98 2515 125 2571 in
136 2532 216 2587 saepe
231 2518 393 2570 memorata
411 2512 484 2569 libro
501 2514 744 2587 Hypomnesticon
758 2520 860 2571 contra
875 2516 925 2572 Pe-

98 2604 210 2677 lagium
226 2608 257 2659 et
280 2601 457 2668 caelestium,
470 2603 504 2658 de
524 2603 749 2672 GratiaChristi,
770 2609 799 2660 et
823 2605 925 2661 Libero

98 2692 236 2760 Arbitrio,
247 2709 281 2748 ac
292 2691 427 2764 originali
439 2692 568 2758 Peccata,
579 2696 612 2747 ut
621 2692 924 2762 commemoravimus,

99 2781 138 2837 ita
152 2781 225 2837 dicit
236 2781 297 2850 (tto.
310 2798 338 2836 vr
351 2781 381 2835 in
397 2780 504 2853 princ.)
517 2797 541 2836 :a
554 2780 770 2836 Praedestinatio
786 2781 894 2854 quippe
911 2799 928 2837 a

100 2871 287 2944 praevidendo
302 2876 331 2925 ot
343 2869 604 2943 praeveniendo,vel
616 2870 837 2941 praeordinando
848 2871 927 2927 futu-

102 2975 164 3015 rum
180 2959 295 3031 aliquid
312 2958 429 3026 dicitur,
447 2962 474 3013 et
488 2957 553 3014 ideo
574 2958 661 3026 Deus,
674 2958 719 3012 cui
745 2959 928 3031 praescientia

102 3064 155 3103 aon
172 3047 313 3103 accidens
335 3051 389 3112 est,
403 3047 453 3102 sed
469 3046 597 3102 essentia
610 3046 665 3101 suit
684 3062 801 3119 semper
821 3051 848 3102 et
872 3051 926 3120 est,

102 3136 246 3209 quidquid
257 3141 417 3207 antequam
429 3134 467 3190 sit
476 3135 602 3207 praescit,
615 3136 815 3208 pradestinat,
827 3140 855 3192 et
866 3153 928 3207 pro-

979 2072 1052 2126 viae
1068 2068 1255 2144 prescientia
1272 2069 1335 2124 luce
1349 2069 1497 2125 faciendus
1510 2070 1623 2127 nullum
1640 2075 1736 2144 potuit
1750 2076 1802 2132 ba·

979 2160 1047 2216 bere
1075 2159 1251 2233 principium
1270 2174 1275 2213 :
1293 2163 1321 2214 et
1343 2158 1562 2232 qrranticunquo
1577 2161 1620 2215 vel
1650 2180 1684 2218 ex
1709 2165 1801 2221 Adam

981 2248 1118 2322 usquein
1135 2246 1309 2302 hodiernum
1330 2246 1464 2302 homiues
1489 2250 1548 2303 uati
1574 2251 1713 2317 sant,ch
1737 2257 1804 2325 post

980 2342 1093 2394 aetatem
1110 2339 1240 2392 nostram
1252 2335 1449 2408 generationis
1460 2342 1530 2392 sunt
1543 2332 1700 2411 propagine
1711 2342 1805 2398 nasci·

980 2427 1048 2494 turi,
1061 2426 1139 2500 apud
1151 2424 1242 2480 Deum
1258 2429 1286 2479 et
1296 2425 1359 2495 jam
1376 2425 1433 2480 nati
1447 2429 1527 2493 sunt,
1538 2432 1566 2481 et
1576 2428 1698 2485 (lecurso
1713 2431 1803 2488 totius

980 2517 1043 2571 vitae
1060 2518 1189 2585 tompore
1202 2513 1390 2580 transierant,
1405 2514 1431 2568 in
1448 2513 1497 2569 illo
1509 2515 1702 2574 nihilomiuus
1714 2518 1803 2576 divini

980 2604 1101 2660 obtutus
1116 2601 1226 2657 lumine
1252 2606 1467 2672 permanentes.
1483 2604 1559 2660 Deus
1584 2605 1734 2679 euin1,qui
1751 2626 1804 2667 nec
1844 2667 1848 2674 ,

980 2693 1043 2749 loco
1058 2691 1214 2762 clauditur,
1231 2707 1281 2747 nec
1312 2696 1442 2762 tempore
1470 2694 1653 2765 praevenitur,
1670 2698 1803 2755 omnium

981 2798 1078 2837 rerum
1091 2784 1150 2836 tam
1161 2780 1374 2852 praeteritarum
1385 2781 1537 2848 memoria,
1547 2799 1635 2854 quam
1651 2783 1805 2843 imminan.

980 2871 1056 2926 tiam
1072 2868 1195 2924 scientia
1209 2866 1314 2940 plenus
1328 2871 1372 2922 est
1385 2884 1391 2922 :
1404 2885 1456 2923 uec
1476 2870 1666 2927 reminiscens
1681 2873 1805 2931 volvitur

981 2959 1011 3014 in
1027 2956 1216 3030 praeteritam,
1228 2972 1280 3010 neo
1297 2972 1418 3028 sperans
1430 2957 1559 3012 tenditur
1574 2959 1602 3013 in
1615 2960 1757 3017 latarum.
1770 2964 1806 3019 Et

982 3062 1164 3120 quaecunque
1178 3044 1297 3099 omnino
1317 3049 1471 3115 sanaque
1492 3051 1656 3117 temporum
1676 3049 1806 3108 motibus

983 3136 1142 3208 agitantur,
1157 3152 1174 3189 a
1187 3150 1219 3190 oo
1240 3131 1381 3206 principio
1410 3133 1440 3188 iu
1460 3151 1517 3205 quo
1547 3139 1608 3191 erat
1622 3136 1761 3207 Verbum,
1777 3143 1806 3197 et

102 3229 198 3298 pterea
213 3224 486 3297 pradestinat,quia
498 3223 583 3297 quale
599 3225 730 3280 laturum
748 3225 787 3280 sit
801 3225 925 3297 praescit.
942 3201 964 3270 c
982 3225 1108 3281 Verbum
1135 3226 1197 3279 erat
1221 3223 1298 3294 apud
1315 3223 1418 3290 Deum,
1436 3227 1464 3278 et
1488 3224 1564 3280 Deus
1590 3231 1651 3281 erat
1665 3226 1804 3298 Verbum,

104 3315 164 3371 ldeo
179 3317 210 3369 et
224 3313 403 3387 Apostolus:
421 3314 493 3369 Nam
520 3329 586 3386 puos
607 3315 757 3386 praescivit,
782 3313 888 3386 inquit,
905 3321 931 3370 et

102 3404 309 3476 pradestinavit
318 3402 598 3471 (llam.v111,2tl).»Et
608 3402 638 3457 in
648 3401 723 3458 libra
732 3404 768 3459 dc
779 3404 857 3459 Bono
869 3420 930 3476 per-

103 3491 438 3562 aversatiae(eap.1t):«
452 3492 513 3546 llaec
527 3494 571 3547 est
585 3490 800 3564 praedestinatio
814 3497 929 3548 saneto·

105 3579 931 3653 nrmnibilaliud,praescientiasciliaetctpraeparatiobo·

105 3671 274 3726 netieioram
281 3668 627 3740 Dei,quibusocrtissimc
640 3668 931 3739 liberantarquicun·

106 3775 154 3832 que
166 3759 346 3815 liberantur.
352 3758 409 3813 »Et
419 3757 448 3811 in
458 3757 532 3812 libro
543 3758 578 3813 dc
593 3757 850 3812 Praedestinationo
862 3774 930 3814 sau·

107 3853 215 3905 olorum
226 3865 254 3903 t«
268 3848 336 3920 lpsa
346 3852 401 3914 est,
410 3847 516 3918 inquit,
524 3845 739 3917 praedestinatio
750 3849 929 3910 sanctorum,

108 3954 162 4010 qua
183 3937 214 3993 in
231 3938 342 3992 Sancto
366 3938 536 3991 sanctorum
560 3935 687 3989 maxime
711 3934 824 4002 claruit,
842 3950 931 4006 quam

109 4043 208 4099 negare
219 4025 290 4098 quis
303 4028 400 4096 potest
411 4028 486 4079 recte
497 4022 723 4096 intelligentium
735 4023 931 4095 eloquiaveri·

110 4115 190 4171 tatis?
201 4115 279 4170 Nam
295 4117 324 4169 ct
339 4115 437 4185 ipsum
448 4112 605 4169 Dominam
621 4111 729 4184 gloriae,
742 4111 771 4165 in
787 4115 932 4183 quantum

109 4203 188 4261 homo
205 4204 305 4259 lactus
321 4207 350 4259 et
366 4202 416 4257 Dei
435 4201 535 4268 Pilius,
552 4199 791 4274 praedestinatam
810 4217 873 4257 esse
889 4200 932 4256 di·

109 4293 243 4348 dicimus.
256 4313 271 4342 »
283 4292 319 4347 Ε)
333 4290 404 4346 item
421 4290 450 4344 in
466 4290 567 4346 codem
584 4289 657 4344 libro
672 4292 742 4360 (cap.
756 4289 799 4357 10)
812 4306 841 4345 ;«
856 4289 934 4344 later

984 3311 1806 3387 usqueindncmomniumsaeculorumtdequossncoum

984 3404 1092 3459 diceret
1108 3402 1211 3456 beatus
1227 3401 1340 3473 Moyses
1357 3417 1364 3456 :
1379 3402 1502 3467 Itourine,
1520 3401 1624 3474 iuquit,
1642 3407 1691 3476 pai
1710 3422 1808 3479 repetas

984 3494 1014 3547 ia
1028 3491 1162 3548 secutam
1176 3498 1202 3545 ct
1216 3492 1246 3545 ia
1261 3490 1402 3553 saccutum,
1419 3489 1567 3558 ctoritate),
1584 3508 1636 3546 neo
1652 3499 1808 3566 sperantur

985 3581 1092 3647 lutum,
1107 3596 1159 3633 nec
1176 3576 1318 3650 praeterita
1341 3578 1530 3644 transierunt,
1542 3581 1592 3635 sed
1609 3581 1808 3652 inpraesentia

984 3667 1145 3723 diuinitatis
1157 3665 1291 3738 prasenti
1303 3683 1417 3737 semper
1427 3666 1490 3722 lure
1499 3672 1728 3726 cernuntur.»llt
1738 3672 1807 3728 item

985 3760 1051 3829 post
1066 3756 1217 3827 aliquanta
1228 3759 1297 3826 (cup.
1312 3757 1354 3826 13)
1367 3772 1390 3809 t«
1404 3757 1444 3809 De
1456 3756 1501 3810 bis
1511 3757 1620 3827 puibus
1630 3776 1746 3830 poenam
1762 3778 1807 3817 se·

984 3846 1092 3901 veritas
1104 3845 1185 3915 juste
1198 3844 1373 3912 decreverat,
1386 3846 1547 3900 secundum
1559 3845 1736 3905 ineffabilem
1753 3849 1809 3906 dis-

985 3932 1139 4007 positionis
1159 3932 1279 3988 oecultae
1299 3932 1539 4002 miscricordiam,
1556 3934 1644 4008 elegit
1657 3955 1727 3994 vasa
1745 3955 1808 4011 qaae

986 4024 1094 4079 faceret
1124 4022 1153 4075 iu
1183 4020 1378 4087 honorem,ct
1398 4021 1638 4079 aliesaventara
1666 4025 1711 4081 ira
1734 4027 1809 4083 dono

986 4111 1120 4185 gratuita
1136 4108 1295 4164 vocationis
1315 4109 1447 4176 absolvit,
1465 4110 1537 4166 alios
1552 4111 1757 4185 derelinquens
1773 4116 1809 4170 ad

987 4198 1163 4273 aequalitatis
1174 4197 1321 4268 judicium
1338 4198 1492 4253 reservarit
1504 4217 1510 4253 :
1524 4198 1595 4253 nulli
1614 4205 1708 4256 tauron
1721 4218 1809 4273 agno-

987 4289 1100 4346 soendae
1115 4287 1245 4343 veritatis
1268 4286 1390 4342 abstulit
1410 4286 1586 4342 laenitatem.
1605 4288 1638 4342 ldt
1657 4288 1698 4344 ita
1719 4289 1810 4361 ploni·

109 4381 227 4453 gratiam
241 4383 367 4453 porroet
377 4379 661 4453 praedestinationem
674 4378 728 4433 boc
738 4378 934 4433 tantuminto·
987 4379 1057 4434 tudo
1073 4377 1177 4433 divina
1194 4375 1380 4447 praescientia
1397 4375 1425 4429 in
1442 4374 1514 4430 alios
1534 4381 1671 4432 manante
1687 4378 1737 4434 88
1749 4378 1811 4450 jus·

109 4476 172 4537 rest,
182 4469 264 4542 quod
279 4468 330 4525 82
343 4466 560 4540 praedestinatio
575 4471 620 4523 est
634 4466 733 4538 gratiae
749 4467 931 4539 praeparatis,
987 4468 1063 4538 titia,
1075 4467 1104 4521 in
1121 4464 1193 4521 alios
1206 4463 1299 4538 gratia
1314 4464 1474 4535 profluente
1490 4464 1634 4536 completa
1648 4470 1702 4536 est,
1715 4471 1747 4523 ut
1762 4484 1811 4540 pe-

109 4559 199 4630 gratia
214 4575 285 4614 vero
296 4557 360 4629 jam
376 4556 442 4629 ipsa
454 4555 582 4612 donatio.
594 4577 608 4606 »
620 4557 655 4610 Et
670 4559 735 4626 post
753 4553 907 4627 paululum
926 4572 932 4610 :
948 4571 973 4637 D
989 4555 1142 4613 reuntibus
1160 4571 1235 4625 quos
1250 4551 1415 4625 praescierat
1434 4553 1512 4609 Deus
1529 4570 1593 4610 esse
1611 4555 1769 4626 perituros,
1783 4559 1813 4612 et

110 4670 121 4695 a
132 4645 354 4703 Praedestiaatio
366 4650 483 4716 estque
498 4644 561 4701 sine
576 4642 760 4717 praescientia
771 4661 828 4699 non
840 4647 936 4716 potest
990 4643 1109 4701 salvatis
1124 4660 1198 4715 quos
1215 4642 1241 4696 in
1259 4641 1309 4697 illa
1324 4645 1435 4696 secreta
1454 4659 1507 4697 sua
1525 4642 1663 4699 electione
1680 4643 1812 4717 praescia-

110 4751 186 4792 esse:
200 4739 300 4809 potest
315 4739 413 4790 autem
429 4751 493 4790 esse
508 4735 571 4790 siae
593 4733 846 4807 predestinatione
861 4751 934 4806 prae·
988 4736 1033 4788 rat
1048 4748 1111 4787 esse
1124 4731 1289 4799 salvandos,
1303 4735 1361 4785 teto
1373 4730 1441 4786 orbe
1451 4730 1558 4786 dillusa
1568 4731 1814 4803 multiplicaretur

111 4825 239 4881 scientia.
259 4822 515 4880 Praedestinatioue
539 4823 646 4896 quippe
670 4823 747 4879 Deus
766 4839 800 4878 ea
820 4821 935 4895 praescit
989 4820 1202 4877 molestasse
1222 4824 1288 4892 post
1308 4817 1460 4892 paululum
1476 4820 1544 4892 (rap.
1563 4822 1607 4888 lt,
1624 4822 1668 4889 15)
1681 4839 1707 4876 :a
1722 4821 1751 4878 Si
1767 4820 1813 4892 pie

111 4930 169 4985 qaae
181 4914 279 4969 suerat
289 4913 352 4985 ipse
364 4912 504 4982 iacturas,
514 4912 591 4967 unde
599 4911 709 4966 dictum
721 4916 780 4967 ost:
792 4913 864 4967 Fecit
873 4927 935 4984 puae
990 4912 1026 4966 de
1040 4910 1098 4965 Deo
1114 4909 1191 4965 sicut
1206 4909 1322 4981 expedit
1337 4908 1491 4975 scutimus,
1505 4911 1593 4965 etiam
1609 4908 1751 4965 Pharaoni
1766 4909 1814 4962 da·

112 5005 202 5071 tutare
215 5008 297 5069 seret·
313 5000 448 5074 praescire
468 5004 565 5056 autem
581 5005 683 5073 potens
704 5004 748 5055 est
767 5000 855 5055 etiam
871 5016 935 5072 qua
990 5002 1050 5054 tam
1067 4997 1296 5054 misericordiam
1320 4997 1492 5070 reperimus.
1509 4999 1651 5054 Patientia
1670 4997 1747 5051 enirn
1762 4993 1813 5050 Dei

113 5089 171 5162 ipsc
185 5091 267 5157 iacit,
282 5089 361 5146 sieut
375 5105 556 5162 quecunque
571 5092 690 5161 peccata
707 5106 713 5143 :
731 5088 781 5160 qui
797 5088 850 5143 etsi
867 5091 936 5145 suut
990 5087 1086 5144 valere
1102 5088 1128 5143 ei
1143 5087 1244 5143 debuit
1259 5087 1294 5141 ad
1312 5086 1436 5140 salutem
1450 5104 1455 5142 :
1469 5087 1538 5160 epula
1549 5087 1683 5141 differens
1697 5087 1813 5155 justum

114 5180 244 5250 qaedam
261 5196 326 5251 quea
342 5178 384 5234 ita
399 5183 517 5250 peccata
531 5181 609 5244 sunt,
622 5183 653 5233 ut
669 5194 760 5249 poenae
776 5175 836 5231 sint
850 5177 938 5232 etiam

114 5274 296 5340 peccatorum
313 5268 404 5340 (unde
424 5267 535 5322 dictum
557 5272 624 5323 est:
644 5266 765 5321 Tradidit
784 5267 845 5321 illos
869 5267 938 5322 Deus

114 5359 140 5411 ia
154 5359 297 5430 reprobam
310 5364 440 5412 uteaoem.
453 5363 481 5411 at
497 5359 602 5427 facietne
616 5373 678 5428 pur
688 5373 743 5410 troo
754 5357 938 5428 roaeeaieut),

114 5447 195 5514 (dom,
210 5465 231 5516 1,
242 5451 301 5516 28),
320 5463 379 5502 aaa
408 5443 449 5500 ibi
479 5449 630 5516 peccatam
648 5443 828 5512 Deiest-,sed
854 5444 939 5515 judi-

115 5535 197 5592 aium.
206 5535 353 5603 Quocirca
368 5533 586 5608 praedestinatio
599 5533 649 5589 Dei
665 5550 729 5606 qua
744 5531 773 5586 iu
791 5532 866 5588 bono
883 5536 937 5600 est,

117 5625 207 5695 gratie
222 5629 277 5694 est,
290 5628 324 5680 ut
339 5621 412 5691 dixi,
434 5621 606 5695 preparatio
623 5639 629 5678 :
647 5621 741 5693 gratia
755 5636 822 5675 vero
845 5620 939 5692 ipsius

993 5179 1190 5249 meritamque
1206 5174 1383 5248 supplicium
1401 5175 1607 5230 miraculorum
1623 5174 1742 5229 verbera
1756 5187 1815 5228 cre·

993 5268 1046 5323 bre
1057 5268 1207 5322 densabat.
1221 5267 1242 5320 N
1248 5265 1358 5337 araquid
1373 5284 1427 5320 nou
1441 5265 1544 5337 potuit,
1553 5264 1628 5317 sieut
1640 5260 1761 5332 flagellis
1772 5279 1815 5318 cs-

994 5357 1066 5411 deus
1077 5355 1187 5427 expulit
1202 5354 1353 5427 popellum,
1367 5355 1405 5407 ita
1423 5352 1570 5407 auunculis
1585 5351 1705 5405 credens
1722 5352 1815 5409 Deum

993 5443 1386 5517 tautaevirtutisagnoseero?
1394 5442 1448 5496 Sed
1456 5440 1627 5507 dicitarjarn
1635 5439 1816 5499 Pharaonem

993 5551 1051 5590 nou
1067 5534 1196 5606 potuisse
1208 5530 1473 5600 muta1·i,quiaeam
1490 5527 1655 5598 prescierat
1665 5530 1742 5586 Deus
1757 5550 1818 5592 nan

993 5641 1057 5680 esse
1069 5624 1243 5679 mutandum
1254 5640 1260 5676 :
1272 5617 1464 5689 respondetur
1474 5615 1522 5670 Dei
1536 5619 1748 5686 praescientiam
1757 5638 1818 5680 naa
