3824 6096
100 322 159 381 tta
566 315 756 378 HINGMAltl
778 315 1004 380 efluitunsts
1029 316 1345 382 AncilluPtscoet.
1753 314 1815 378 500

97 451 194 509 civilia
213 453 285 508 m
315 451 432 525 negotia
446 454 644 518 commorent3
671 450 832 523 presertim
857 449 926 522 quia
940 450 968 517 Α
984 467 1042 506 una
1058 456 1102 507 est
1125 452 1273 524 divinitas,
1290 451 1412 525 aqualis
1437 449 1539 526 gloria,
1552 453 1695 508 coeterna
1718 448 1801 522 maje

97 542 161 614 ipsa
172 559 257 598 sacra
273 544 437 597 auctoritas
451 558 607 611 canonum,
621 540 730 612 Spiritu
743 540 792 595 Dei
805 538 932 606 condita,
988 545 1075 596 stasn
1089 541 1171 597 Unde
1186 542 1256 598 item
1272 547 1392 598 sauctus
1403 541 1574 597 Ambrosius
1589 542 1618 596 in
1635 540 1692 597 alio
1701 539 1816 614 hymno

96 636 125 686 et
141 631 233 686 totius
251 631 355 686 mundi
382 631 542 687 reverentia
557 635 736 697 consecrata,
753 628 781 684 in
797 627 933 684 Africano
987 630 1815 703 evidenterostendit‚quonrodoDeustrinusctqucmodo

30 746 34 754 v
97 720 221 776 concilio
242 721 438 776 ducentorum
459 724 524 776 octo
544 718 931 792 episcoporuur,capitese·
987 735 1065 775 unus
1080 719 1158 774 credi
1172 724 1201 775 et
1215 719 1337 793 intelligi
1354 719 1728 784 debeat,dicens:Snmine
1744 720 1816 775 Desa

99 808 284 881 ptuagesimo
301 809 396 881 primo
407 810 547 882 praecepit
557 814 589 864 ut
605 826 661 864 uon
678 825 779 882 preces
789 807 851 862 alia
862 804 933 861 cele·
986 808 1146 875 sternendae,
1162 809 1312 882 mandique
1329 809 1576 882 lachrimabilem,
1591 825 1664 864 naus
1677 809 1814 882 potentia·

101 899 235 965 brentur,
245 898 299 954 nisi
312 895 932 970 illaquainconeiliocumprudentioribus
988 896 1059 966 liter,
1072 898 1148 970 quod
1169 899 1353 971 Augustinus
1373 898 1491 970 exponit
1509 895 1757 966 substantialiter,
1767 899 1817 954 tri.

101 986 212 1043 collatae
230 988 347 1060 luerint,
365 1004 401 1043 ne
422 990 494 1045 sorte
511 993 613 1043 contra
633 988 732 1054 fidem,
744 987 823 1059 quod
843 983 930 1059 absit,
986 1003 1093 1058 eoaque
1102 989 1292 1059 personaliter.
1303 989 1467 1043 Etsnnctus
1478 986 1633 1060 Gregorius
1649 987 1678 1042 in
1692 986 1818 1043 bomilia

102 1077 131 1132 in
147 1077 258 1133 eisdem
284 1079 430 1151 precibus,
445 1078 554 1151 quibus
576 1077 673 1133 fidelis
698 1077 824 1149 quiaque
848 1075 934 1131 dehet
986 1074 1145 1131 Ezechielis
1157 1077 1238 1148 (lwm.
1253 1077 1295 1149 16)
1308 1094 1314 1131 :
1327 1100 1340 1127 a
1353 1076 1466 1133 Veteris
1488 1081 1517 1132 et
1540 1075 1610 1133 Novi
1631 1076 1815 1132 Testamenti

102 1166 161 1221 Deo
178 1166 337 1235 conciliari,
349 1168 386 1222 ab
402 1167 500 1240 aliquo
515 1167 689 1239 proluuntur,
702 1171 733 1221 ut
744 1164 933 1221 audientibus
987 1163 1133 1236 spiritales
1148 1170 1247 1238 patres
1271 1171 1378 1222 sancta
1394 1166 1546 1222 Trinitatis
1570 1183 1710 1238 personas
1726 1164 1817 1221 unius

102 1254 274 1310 scandalum
284 1257 345 1311 liat.
356 1257 465 1328 Legunt
476 1256 564 1312 etiam
574 1256 655 1312 horis
664 1256 718 1311 sibi
728 1256 764 1311 ad
776 1255 932 1326 legendum
986 1253 1104 1310 deitatis
1114 1255 1273 1311 credidisse
1284 1258 1312 1311 ct
1322 1255 1507 1328 praedicasse,
1520 1258 1545 1311 et
1558 1255 1690 1327 angelica
1702 1253 1732 1309 iu
1743 1254 1817 1311 caelo

102 1342 433 1417 regularitordcputat-is
443 1345 669 1400 orthodoxorum
685 1344 817 1413 libros,et
827 1344 862 1398 ab
874 1359 934 1398 om·
987 1343 1105 1417 agmina
1121 1343 1334 1401 incessabiliter
1348 1344 1475 1423 clamare
1491 1344 1631 1401 latetur.»

102 1431 131 1486 ni
141 1433 197 1488 bus
212 1432 364 1499 invenient,
371 1435 531 1490 contradici
543 1438 574 1490 ut
586 1434 661 1489 trina
671 1433 764 1490 deitas
780 1449 932 1505 nunquam
1024 1433 1074 1487 llis
1084 1449 1152 1505 orgo
1163 1433 1502 1506 perpensiS,discernant
1512 1431 1698 1489 honorabiles
1709 1433 1817 1488 iratres

104 1521 250 1588 credatur,
259 1539 409 1595 nunquam
421 1541 438 1578 a
449 1522 528 1580 fideli
538 1524 711 1579 ntvideatur
721 1521 859 1578 credibile
869 1538 932 1593 pro·
987 1521 1078 1577 nostri
1091 1521 1237 1590 monachi,
1251 1526 1350 1577 utrum
1363 1522 1468 1578 melius
1478 1522 1517 1578 sit
1529 1521 1734 1594 blasphemare
1746 1538 1816 1576 curn

103 1609 619 1669 seratur.Invenientnihilominusin
629 1610 931 1668 dictiscatbolieorum
987 1610 1175 1668 Gothesealco
1185 1615 1213 1667 ct
1229 1612 1399 1682 Ratramno,
1410 1611 1532 1667 dicendo
1546 1613 1578 1667 Te
1592 1611 1667 1667 trina
1681 1611 1771 1667 deitas
1786 1609 1816 1666 in

102 1698 199 1770 inepte
215 1699 366 1772 imperitos
381 1701 466 1774 quasi
483 1702 518 1758 ad
535 1701 739 1758 auctoritatem
755 1699 929 1772 sumpsisse,
987 1699 1096 1773 hymno
1106 1701 1192 1772 cujus
1204 1705 1353 1756 auctorem
1368 1701 1513 1767 nesciunt,
1526 1716 1562 1755 an
1573 1700 1690 1757 credere
1700 1702 1729 1755 et
1744 1717 1816 1757 can·

103 1787 173 1860 quia
188 1788 266 1844 sicut
281 1790 377 1846 trinus
399 1791 477 1847 Deus
497 1791 614 1859 dicitur,
627 1791 668 1846 ita
691 1795 720 1845 et
744 1788 837 1845 deitas
853 1788 931 1843 trina
945 1820 969 1885 B
985 1792 1048 1845 tare
1062 1806 1129 1844 cum
1145 1789 1271 1845 summis
1286 1788 1424 1846 coelorum
1440 1789 1644 1859 virtutibus,et
1661 1806 1729 1845 cum
1742 1789 1816 1845 bea·

102 1876 226 1932 dicatur.
244 1877 327 1934 Pater
341 1879 449 1952 qnippe
464 1887 493 1936 et
508 1879 598 1936 Filius
617 1885 646 1936 et
665 1878 793 1952 Spiritus
809 1881 929 1932 sanctus
983 1879 1080 1933 torum
1096 1877 1258 1950 spiritibus,
1276 1882 1304 1933 et
1318 1896 1386 1934 cunr
1402 1879 1540 1935 omnibus
1556 1879 1667 1936 sanctis
1681 1878 1756 1934 viris
1771 1894 1819 1935 ca·

104 1965 212 2021 idcirco
224 1983 301 2023 uuus
316 1968 393 2023 Deus
403 1969 521 2036 dicitur,
534 1969 603 2042 quia
617 1987 677 2025 una
691 1973 735 2024 est
750 1967 854 2031 deitas,
865 1983 929 2037 que
983 1966 1110 2031 tholicis‚
1124 1968 1152 2021 in
1171 1968 1264 2024 trihus
1280 1968 1414 2041 personis
1434 1984 1524 2023 unam
1540 1966 1657 2024 deitatis
1671 1969 1817 2024 substan-

103 2053 256 2111 Trinitatis
266 2061 311 2112 est
320 2058 417 2113 unitas
428 2057 522 2114 Patris
532 2062 561 2115 et
572 2057 634 2114 Filii
646 2060 675 2113 et
685 2056 814 2129 Spiritus
824 2053 929 2121 sancti,
983 2053 1065 2122 tiam,
1077 2054 1106 2110 id
1118 2059 1163 2111 est
1172 2055 1319 2112 deitatem.
1333 2055 1457 2112 Videant
1469 2057 1558 2113 etiam
1575 2060 1673 2112 utrum
1685 2055 1819 2113 debeant

103 2147 247 2200 utsancta
258 2145 439 2202 catholicact
450 2144 929 2220 apostolicaEcclesiaperbeatum
984 2144 1067 2215 sequi
1083 2144 1282 2217 blasphemias
1297 2144 1491 2213 Gothescalci,
1505 2162 1579 2217 quas
1594 2146 1629 2201 de
1643 2145 1732 2201 corde
1748 2161 1816 2214 suo,

102 2234 132 2288 et
154 2250 293 2307 magnum
319 2253 425 2308 papam
451 2238 575 2292 Leonem
591 2237 662 2306 (leo,
679 2238 757 2307 epist.
775 2249 833 2305 cap.
852 2235 877 2301 l)
893 2232 929 2287 ad
983 2231 1026 2287 vel
1039 2233 1136 2304 potius
1147 2234 1275 2306 maligno
1287 2234 1392 2307 spiritu
1403 2232 1817 2305 inspiranta,mendacissimc

104 2321 259 2379 Turibium
274 2326 492 2381 sistaricensem
504 2325 673 2398 episcopum
690 2324 815 2380 breviter
828 2322 931 2378 confir-
984 2321 1115 2393 protulit,
1127 2327 1155 2377 et
1166 2323 1305 2395 figmenta
1316 2324 1550 2395 Batramni,quae
1561 2321 1634 2379 lulso
1644 2321 1817 2395 composuit

101 2412 210 2467 mando
226 2412 372 2485 explanat,
388 2417 425 2482 et,
440 2413 625 2486 explanando
640 2415 795 2470 confirmat
809 2412 928 2467 dicens:
983 2408 1019 2466 de
1035 2409 1118 2466 libris
1133 2411 1210 2467 beati
1231 2411 1332 2467 Hilarii
1357 2415 1385 2466 et
1409 2410 1502 2467 saneti
1526 2411 1693 2485 Augustini,
1708 2410 1816 2484 impu-

103 2521 116 2548 «
127 2499 206 2556 Hanc
218 2501 366 2558 catholica
378 2502 444 2559 fidei
456 2521 520 2559 esse
531 2503 826 2575 confessionemque
837 2499 930 2556 Trini-
984 2499 1100 2571 gnaudo
1115 2500 1277 2567 raritatem,
1291 2504 1324 2557 ut
1336 2498 1429 2555 deitas
1449 2500 1526 2556 trina
1541 2499 1666 2570 dicatur,
1682 2515 1719 2554 au
1736 2497 1816 2555 veri·

103 2591 193 2645 talem
209 2590 327 2647 deitatis
341 2591 384 2647 sic
399 2600 528 2664 ὁμοοὺσιον
543 2594 708 2660 cantitetur,
721 2597 753 2648 ut
773 2591 886 2648 Patrem
902 2593 931 2646 et
983 2591 1072 2647 tutem
1085 2587 1212 2660 Spiritus
1233 2589 1338 2658 sancti,
1352 2587 1402 2662 qui
1417 2587 1532 2644 loeutus
1547 2593 1592 2645 est
1615 2605 1666 2661 per
1690 2592 1815 2644 sanctos

104 2676 211 2733 Filium
226 2684 256 2735 et
271 2680 415 2753 Spiritum
426 2686 561 2738 sanctum
573 2681 636 2738 sine
646 2681 817 2738 contusione
829 2679 931 2736 indivi-
984 2677 1604 2750 prophetas,etapestolosapostolorumque
1613 2692 1814 2746 successores,

104 2781 162 2834 sos,
171 2767 234 2824 sine
243 2773 374 2842 tempore
383 2771 651 2844 sempiternos,sine
659 2770 822 2827 differentia
831 2769 930 2825 credat
984 2765 1114 2822 dicentes
1123 2771 1152 2822 et
1162 2768 1380 2831 confirmantes,
1391 2765 1461 2838 quia
1471 2771 1530 2823 tres
1545 2770 1614 2822 sunt
1625 2770 1734 2821 sancta
1745 2765 1815 2821 Tri·

104 2857 239 2928 aquales,
247 2858 318 2930 quia
328 2858 472 2917 unitatem
483 2861 513 2916 in
524 2859 677 2930 Trinitate‚
687 2877 745 2916 non
756 2859 857 2915 eadem
870 2874 931 2930 per
984 2854 1086 2910 nitatis
1096 2860 1269 2928 personae,et
1279 2872 1337 2911 una
1348 2856 1451 2922 deitas,
1464 2872 1527 2928 qua
1537 2855 1678 2910 trinitatis
1688 2857 1735 2911 est
1746 2853 1815 2910 uni·

104 2961 187 3010 sona,
202 2946 252 3002 sed
268 2949 370 3004 eadern
386 2948 489 3022 implet
504 2949 641 3006 essentia.
655 2972 669 2997 u
686 2949 738 3016 Qui
756 2952 855 3005 autem
871 2964 929 3002 non
984 2947 1039 2999 tas.
1049 2945 1122 3000 Nam
1134 2943 1484 3017 sanctusAugustinusin
1501 2944 1596 3017 primo
1611 2942 1687 2999 libro
1697 2943 1735 2998 de
1746 2941 1816 2998 Tri·

104 3033 199 3090 solum
216 3036 351 3102 absurde,
364 3039 415 3093 sed
430 3042 458 3093 ct
473 3038 630 3095 infideliter
643 3039 755 3104 dicant,
769 3036 838 3110 quia
853 3037 930 3091 trina
984 3033 1086 3105 nitate,
1097 3033 1181 3106 quusi
1197 3035 1233 3089 ad
1259 3035 1450 3090 Retramnum
1470 3032 1636 3106 specialiter
1656 3032 1816 3088 contutan-

102 3122 227 3180 dicenda
237 3125 428 3191 estdeitas,eo
437 3128 515 3198 quod
524 3127 649 3200 singulis
658 3127 782 3199 quisque
793 3125 822 3180 in
834 3125 929 3182 tribus
984 3121 1065 3192 dum,
1074 3123 1124 3194 qui
1136 3123 1245 3194 deeius
1256 3122 1435 3178 librissuum
1447 3122 1633 3178 mendacium
1644 3121 1723 3192 quod
1733 3120 1817 3176 trina

102 3212 247 3282 personis,
264 3211 348 3268 Pater
363 3213 496 3269 videlicet
511 3215 550 3270 sit
564 3214 755 3276 haustibus
777 3215 817 3271 sit
840 3213 928 3279 Deus,
944 3185 966 3253 c
983 3210 1155 3266 diceudasit
1165 3211 1257 3268 deitas
1270 3211 1455 3284 compilando
1466 3209 1699 3278 voluitsolidare,
1711 3209 1816 3280 ipsum

103 3299 231 3370 Spiritus
246 3305 368 3355 sanctus
379 3301 417 3356 sit
431 3302 519 3366 DenS,
531 3320 563 3357 ac
580 3320 631 3374 per
640 3302 694 3358 hoc
706 3303 736 3357 in
748 3302 830 3358 Patre
843 3302 928 3374 pleno
983 3299 1050 3354 lldei
1062 3298 1188 3370 lapidem
1205 3300 1313 3372 posuit,
1327 3317 1415 3372 super
1430 3299 1662 3372 quemchristus
1676 3296 1816 3354 uidelicet

102 3391 132 3442 et
148 3386 274 3458 perlecto
290 3388 347 3443 Deo
364 3388 449 3459 plena
464 3393 493 3443 et
505 3390 629 3460 perlecta
644 3387 683 3445 sit
698 3391 801 3458 deitas,
814 3391 843 3445 in
856 3390 928 3446 Filio
982 3403 1070 3442 mauu
1084 3387 1258 3444 sortissuam
1270 3387 1402 3444 laudarit
1412 3387 1684 3458 Ecclesiam,etquo
1693 3384 1813 3442 Goliam

104 3473 189 3546 pleno
200 3479 228 3529 et
239 3476 364 3546 perlecto
376 3477 433 3531 Deo
451 3476 535 3549 plena
550 3482 579 3533 et
594 3480 720 3550 perlecta
732 3478 769 3534 sit
780 3479 884 3544 deitas,
898 3478 927 3534 in
981 3475 1184 3549 designantem
1201 3477 1360 3544 diabolum,
1385 3477 1470 3549 cnjus
1485 3475 1601 3532 insania
1615 3490 1719 3531 omnes
1734 3474 1813 3530 anti-

103 3562 213 3635 Spiritu
225 3568 327 3620 saneto
338 3564 422 3636 pleno
433 3567 595 3637 etperl'ecto
604 3565 792 3638 Deoplenuet
804 3569 929 3639 perlecta
981 3564 1095 3634 christi,
1111 3564 1140 3621 id
1156 3571 1200 3621 est
1214 3565 1351 3631 haretici,
1364 3564 1466 3638 repleti
1480 3564 1653 3637 loquuntur,
1666 3563 1696 3617 in
1712 3563 1813 3619 fronte

104 3650 142 3706 sit
152 3650 417 3709 deitaszinveuiant
426 3653 451 3708 si
460 3659 585 3726 possunt
595 3671 652 3726 quo
662 3654 780 3710 nomine
791 3654 842 3710 illa
850 3655 928 3712 trina
982 3653 1136 3724 percussit,
1149 3670 1200 3725 pro
1211 3670 1243 3710 se
1253 3657 1281 3709 et
1291 3670 1344 3725 pro
1355 3654 1493 3709 omnibus
1506 3650 1668 3721 catholicis,
1682 3666 1813 3724 quorum

102 3739 196 3795 deitas
216 3740 273 3796 dici
289 3740 384 3797 valeat
406 3760 475 3798 una.
486 3742 515 3798 Si
540 3743 665 3798 dixerint
687 3743 765 3798 trina
788 3744 882 3799 deitas
898 3744 927 3799 in
982 3740 1072 3798 libros
1082 3743 1118 3797 de
1128 3743 1185 3798 lide
1196 3748 1301 3798 sancta
1314 3743 1465 3798 Trinitatis
1476 3741 1595 3815 legerat,
1605 3747 1708 3797 contra
1718 3741 1813 3798 istum

104 3827 247 3898 personiS,
268 3846 327 3884 una
345 3828 374 3884 in
395 3830 512 3901 deitate,
525 3849 582 3887 non
602 3835 716 3887 constat
728 3849 735 3886 ι
749 3832 773 3886 si
790 3832 926 3902 dixerint,
982 3831 1104 3903 protulit
1119 3831 1177 3903 (lib.
1191 3832 1242 3888 ide
1259 3834 1345 3892 Tria..
1356 3849 1415 3904 cap.
1434 3833 1470 3903 l),
1482 3831 1582 3887 dicens
1594 3847 1619 3885 :u
1632 3830 1756 3901 Omnes,
1768 3829 1812 3886 in·

103 3913 180 3969 trina
189 3915 283 3972 deitas
299 3916 327 3971 in
339 3917 481 3988 personis,
494 3919 592 3974 unain
604 3919 821 3976 substantiane]
832 3938 928 3976 essen·
982 3921 1056 3991 quit,
1067 3937 1141 3992 quos
1158 3920 1253 3993 legere
1263 3921 1354 3993 potui,
1366 3920 1416 3992 qui
1433 3925 1499 3976 aute
1514 3936 1561 3975 me
1575 3918 1762 3991 scripserunt
1778 3921 1814 3975 de

103 4001 154 4066 tia,
167 4002 225 4059 sire
236 4003 386 4062 divinitate
397 4013 447 4061 aut
458 4013 572 4076 natura,
585 4026 636 4063 nce
650 4008 704 4064 hoc
715 4014 848 4065 constare
859 4026 927 4065 con·
981 4009 1123 4064 Trinitate
1132 4026 1196 4081 qua
1208 4009 1514 4073 Deusest‚dirinorum
1528 4008 1669 4083 librorum
1679 4012 1813 4064 veterum

103 4094 163 4148 stat
177 4109 241 4148 esse
256 4093 464 4151 certissimum.
478 4096 573 4152 Unum
585 4097 663 4152 euim
675 4098 811 4169 idemque
824 4098 854 4152 in
869 4098 927 4154 lieo
981 4101 1009 4153 et
1025 4115 1165 4153 novorum
1190 4097 1324 4154 catholici
1349 4101 1520 4154 tractatores
1543 4096 1599 4153 hoo
1620 4094 1815 4152 intenderunt

103 4185 148 4234 est
170 4184 285 4247 natura,
301 4182 477 4251 substantia,
503 4184 641 4254 essentia,
658 4183 804 4249 divinitas,
821 4184 935 4241 deitas·
981 4188 1144 4242 secundum
1160 4187 1326 4259 Scripturas
1340 4187 1453 4252 docere,
1467 4186 1545 4258 quod
1561 4184 1654 4253 Pater,
1666 4189 1696 4241 et
1707 4184 1812 4252 Filius,

105 4268 262 4324 Fateantur
272 4287 340 4342 crgo
351 4288 470 4328 necesse
480 4277 525 4328 est
535 4273 645 4328 trinum
655 4273 747 4328 Deum
759 4272 813 4327 dici
827 4272 855 4328 in
867 4291 928 4345 pcr—
982 4280 1010 4331 et
1024 4276 1153 4348 Spiritus
1169 4280 1288 4333 sauctus
1302 4275 1391 4331 unius
1411 4275 1602 4345 ejusdemque
1624 4273 1811 4340 substantie,

97 4357 194 4434 sonis,
206 4376 299 4414 unum
311 4359 339 4415 in
350 4361 458 4417 deitate
473 4377 479 4415 :
491 4365 520 4417 ct
534 4362 680 4417 firmantur
690 4361 768 4434 quod
780 4378 836 4416 non
852 4360 928 4417 trina
982 4363 1168 4436 inseparabili
1180 4363 1480 4435 aequalitatedirinam
1492 4362 1641 4417 insinuent
1650 4361 1811 4429 unitatem,

103 4447 153 4500 scd
172 4464 229 4503 una
244 4448 283 4503 sit
298 4448 477 4522 deitasque
493 4450 647 4506 Trinitatis
661 4455 706 4505 est
722 4449 828 4505 unitas.
847 4449 928 4506 Unde
982 4452 1105 4524 ideoque
1117 4471 1174 4509 non
1186 4453 1245 4508 sint
1255 4457 1314 4508 tres
1326 4452 1434 4516 dii,scd
1447 4468 1524 4509 unns
1535 4451 1813 4507 Deus.»Attendant

103 4540 223 4589 sanctus
246 4537 428 4604 Ambrosius,
443 4538 520 4594 sicut
538 4537 668 4594 inlibris
692 4538 754 4594 suis
778 4537 876 4607 latius,
887 4539 928 4594 ita
942 4551 965 4616 Ι)
981 4541 1070 4614 igitur
1082 4540 1260 4597 uenerabiles
1276 4541 1379 4596 iratres
1395 4540 1487 4597 nostri
1510 4538 1644 4594 monachi
1664 4537 1719 4593 viri
1742 4538 1810 4595 reli·

103 4620 228 4677 breviter
243 4623 270 4678 in
287 4623 394 4696 hymno
410 4644 463 4681 suo
480 4626 560 4694 dicit,
980 4629 1065 4702 giesi,
1078 4631 1155 4702 quod
1173 4629 1250 4686 idem
1265 4631 1368 4686 beatus
1383 4627 1566 4702 Augustinus
1587 4628 1617 4682 in
1638 4626 1713 4682 libro
1731 4645 1761 4683 rx
1775 4628 1811 4684 de

980 4717 1163 4774 Trinitdieit
1174 4723 1244 4790 (cap.
1259 4720 1282 4789 l)
1297 4735 1321 4773 z«
1334 4718 1375 4774 De
1390 4717 1553 4785 credendis,
1567 4714 1713 4788 inquiens,
1727 4715 1812 4772 nulls

979 4805 1152 4863 infidelitate
1162 4807 1340 4873 dubitemne,
1348 4807 1383 4862 dc
1395 4804 1592 4877 intelligendis
1602 4803 1684 4859 nulla
1694 4805 1813 4861 temeri·

979 4899 1038 4950 tntc
1054 4897 1254 4950 altirmenius:
1272 4894 1301 4949 in
1318 4894 1375 4950 illis
1390 4898 1434 4950 est
1449 4893 1610 4949 auctoritas
1626 4893 1766 4962 tenenda,
1780 4893 1813 4949 in

979 4983 1026 5039 his
1038 4984 1142 5039 veritas
1152 4983 1360 5055 exquirenda.»
1371 4982 1532 5055 Exquirant
1541 4998 1609 5054 ergo
1620 4997 1672 5053 per
1681 4980 1809 5037 catholi-

100 5069 182 5139 Quoq
191 5067 274 5139 quasi
284 5070 618 5141 trxpoiicnsdugustinus
630 5071 659 5125 in
669 5071 762 5143 primo
770 5071 844 5127 libro
852 5078 922 5145 (carp.
979 5089 1028 5127 cos
1039 5073 1171 5129 drictores
1182 5072 1257 5127 hauc
1267 5072 1417 5127 veritatem
1425 5069 1552 5143 qualitor
1563 5069 1670 5125 sentire
1680 5069 1811 5126 debeant

100 5157 126 5226 8)
137 5156 172 5212 dc
183 5160 286 5212 sancta
296 5156 438 5212 Triuitnte
450 5158 521 5213 dicit
535 5176 558 5214 1«
572 5158 724 5214 Trinitatis
735 5161 813 5215 enirn
826 5161 924 5218 unitas
978 5161 1014 5216 dc
1029 5161 1183 5217 Trinitatis
1199 5160 1316 5227 deitate,
1330 5158 1463 5215 videlicet
1477 5160 1512 5214 de
1528 5161 1635 5214 sanctae
1651 5158 1810 5215 Trinitatis

99 5249 144 5299 est
159 5243 251 5300 deitas
267 5243 436 5316 incorporea
451 5251 479 5300 ct
491 5245 752 5311 incommutabilis,
764 5251 792 5302 et
805 5247 924 5305 sibimet
977 5248 1811 5317 unitate,etcatholiearntoneautauctorilatem,etnonse·

98 5332 370 5390 consubstantialis.
382 5338 410 5388 et
424 5341 567 5389 coaeterna
586 5335 771 5389 niiiu1·a.»er
793 5336 921 5393 Athana·
976 5345 1107 5411 quantur
1119 5339 1193 5395 male
1202 5339 1378 5395 sententium
1392 5336 1637 5409 prar·itaten1,nec
1648 5335 1812 5392 defendant

98 5418 162 5471 sius
178 5418 251 5475 lianc
267 5421 339 5477 dixit
354 5441 417 5478 esse
440 5426 525 5478 tidem
543 5423 727 5484 catholicam,
741 5428 772 5478 ut
786 5425 922 5482 credatur
975 5427 1196 5500 pertinaciter,si
1210 5429 1281 5499 quid
1293 5427 1435 5482 hactenus
1446 5442 1503 5480 nou
1516 5424 1813 5482 senserunttideliter

98 5504 168 5576 quia
180 5530 193 5553 «ι
210 5509 266 5565 alia
281 5513 357 5568 488
369 5517 414 5566 est
438 5530 561 5582 persam
579 5512 683 5578 Patris,
695 5512 752 5568 alia
776 5514 851 5579 Filii,
863 5515 920 5572 alia
974 5516 1483 5572 sodaudiantetexaudiautbeatum
1491 5513 1813 5586 Augustinurn,quem·

96 5590 226 5664 Spiritus
239 5600 343 5665 sancti,
355 5602 404 5657 sed
421 5601 514 5657 Patris
524 5606 553 5659 et
564 5601 627 5659 Filii
643 5605 672 5656 et
687 5601 814 5673 Spiritus
824 5594 919 5660 sancti
973 5621 1090 5676 cunque
1099 5604 1176 5661 489
1189 5609 1323 5660 nostrum
1340 5607 1507 5660 monentem
1519 5601 1550 5656 in
1561 5605 1687 5658 tractatu
1699 5587 1811 5674 psalmi

163 4745 202 4794 Tu
215 4746 350 4796 Trinitatis
364 4749 460 4809 nautas,
473 4750 564 4800 orbem
580 4754 704 4815 potenter
717 4752 762 4815 qni
778 4752 856 4815 regis.

102 4843 136 4897 Et
151 4843 220 4899 item
237 4843 266 4899 in
282 4843 338 4899 alio
354 4844 472 4917 hymno,

163 4951 183 4999 0
198 4950 244 5000 trix
258 4951 336 5000 beuta
349 4951 492 5011 Trinitatis,
509 4957 535 5004 ct
549 4955 706 5018 principalis
722 4956 819 5005 unitas.
