3810 6098
103 331 180 393 1027
492 330 683 392 HINGMARI
706 277 828 391 RHEM.
850 325 1032 388 suuntur.
1054 326 1259 390 OPUSGULA
1281 326 1413 389 vlitis.
1730 330 1803 389 tutti

101 478 166 519 rum
183 461 261 535 leges
276 460 338 533 pari
355 462 506 517 severitate
514 451 649 533 ju'dicent
659 461 866 533 puniendos‚et
875 474 926 530 per
938 458 966 525 Α
981 456 1144 529 legitimum
1161 472 1225 514 esse
1241 457 1499 531 conjugium,sicut
1514 463 1544 513 ct
1556 458 1586 513 in
1601 463 1733 514 extremo
1743 459 1802 517 vite

101 550 331 608 ecclesiasticum
343 550 501 623 judicium,
519 550 687 624 quicunque
696 548 841 620 ejusmodi
854 546 922 615 sint,
979 563 1037 601 sua
1054 551 1193 618 ternpore,
1211 547 1286 602 mira
1301 551 1329 602 et
1344 545 1463 619 speciali
1481 546 1601 615 virtute,
1617 547 1729 621 Abisag
1753 549 1802 605 Su·

99 640 143 697 val
159 657 253 713 usque
268 640 305 696 ad
320 640 534 713 separationem
553 638 849 696 excommunicandos
864 636 924 692 sive
978 634 1150 690 namitidem
1165 634 1413 708 speciosissimam
1428 636 1582 709 virginem,
1600 639 1631 692 et
1644 652 1680 692 es
1693 637 1802 696 cuaeth

100 727 456 792 anathematizandos,vel
470 727 559 786 etiam
576 732 643 801 post
657 725 871 800 separationem
885 724 923 780 ab
978 723 1087 780 finibus
1107 724 1188 798 regni
1213 724 1301 781 lsrael
1325 724 1458 791 electam,
1475 724 1581 780 habuit
1607 724 1666 781 sibi
1691 725 1802 784 assidue

98 820 180 875 omni
196 823 316 890 aspectu
330 816 447 890 publico
463 817 614 885 arcendos,
630 820 659 872 ct
671 831 765 888 usque
784 815 821 870 ad
845 812 923 870 diem
977 811 1207 880 ministrantem,
1220 817 1250 869 et
1268 828 1368 869 secum
1393 813 1511 870 assidue
1534 814 1696 870 cubantem
1722 819 1802 888 atque

99 907 203 966 mortis
212 907 267 963 sub
276 904 654 978 arctissimapoenitentiain
664 903 812 977 ergastula
818 902 923 975 jubeat
977 901 1183 970 dormientem,
1198 917 1287 975 quam
1302 905 1399 959 umen
1425 918 1579 976 nunquam
1605 903 1745 976 cognovit
1760 901 1803 978 (lii

98 995 359 1054 contradendos.ln
369 998 485 1051 tentum
496 996 529 1050 ut
543 993 658 1050 etiamsi
674 993 778 1048 timore
794 990 924 1065 publica·
976 990 1039 1061 lleq.
1056 990 1087 1063 1).

98 1102 164 1143 rum
179 1101 277 1142 rerum
293 1086 329 1142 ad
345 1083 504 1140 Ecclesiam
518 1087 618 1157 raptor
630 1098 698 1138 cum
714 1085 798 1155 rapta
820 1079 922 1136 conlu·
1013 1079 1081 1134 Cur.
1098 1078 1170 1135 XIV.
1188 1080 1252 1136 Hac
1267 1097 1335 1154 ergo
1350 1079 1394 1137 vel
1413 1080 1455 1138 ita
1477 1081 1656 1138 admirande
1678 1085 1761 1151 sunt,
1775 1087 1802 1140 ut

97 1173 182 1248 gerit,
198 1174 262 1247 ipsu
281 1173 400 1246 quidem
425 1189 488 1245 qua
510 1170 678 1228 violentiam
703 1186 841 1244 perpessa
865 1172 920 1238 est,
975 1167 1093 1240 penitus
1108 1185 1165 1224 non
1182 1169 1297 1241 possint
1309 1185 1374 1227 essa
1388 1168 1543 1237 imitanda,
1559 1169 1605 1227 vel
1621 1170 1665 1227 ita
1677 1168 1723 1226 illi
1738 1174 1802 1231 lun·

96 1263 258 1321 intercessu
286 1260 419 1319 deciscis
445 1265 584 1318 excusata
611 1259 782 1333 parentibus
806 1259 922 1314 restitui
977 1256 1040 1329 pori
1051 1257 1183 1313 Mosaios
1195 1257 1269 1332 legis
1283 1275 1432 1326 concessa,
1450 1261 1483 1314 ut
1497 1259 1674 1316 adveniente
1692 1259 1801 1318 Domini

93 1354 243 1426 jubentur,
258 1355 357 1424 raptor
368 1366 445 1419 vero,
461 1349 532 1424 quia
551 1348 705 1406 manifeste
727 1347 786 1402 vim
810 1346 920 1416 intulit,
976 1350 1005 1401 et
1020 1345 1178 1403 salvatoris
1192 1347 1285 1404 nostri
1300 1347 1466 1421 evangeliea
1480 1348 1586 1421 gratia,
1602 1347 1668 1404 sint
1690 1337 1801 1422 penitus

96 1441 233 1498 similiter
247 1442 284 1498 ob
308 1439 499 1497 reverentiam
524 1437 694 1505 sanctuarii,
710 1436 808 1510 legum
824 1435 922 1509 impu·
976 1435 1160 1504 removenda,
1175 1433 1219 1492 vel
1233 1435 1386 1507 quonium,
1397 1436 1475 1492 sicut
1488 1435 1652 1509 Apostolus
1666 1436 1803 1509 diuitem·

97 1531 188 1588 nitate
203 1527 352 1597 concessa,
363 1529 394 1584 in
405 1527 574 1585 servitutem
591 1530 745 1601 parentum
755 1526 820 1598 ejus
831 1540 921 1597 quam
976 1522 1026 1579 nia
1041 1524 1101 1579 hec
1117 1523 1147 1578 in
1163 1524 1258 1597 ligura
1280 1524 1489 1598 contingebant
1511 1525 1571 1581 illis
1586 1529 1613 1596 (l
1631 1525 1696 1583 Cor.
1711 1526 1751 1599 x),
1765 1528 1802 1583 di·

64 1625 67 1631 '
96 1619 195 1692 rapuit
208 1619 368 1692 redigatur,
384 1616 441 1674 nisi
457 1617 531 1674 terte
544 1615 588 1672 illi
600 1621 633 1672 ut
651 1632 682 1673 εε
707 1614 832 1672 redimat
853 1630 921 1671 con·
976 1613 1052 1670 vinis
1067 1613 1128 1669 sint
1142 1613 1288 1687 mysteriis
1311 1613 1497 1687 applicanda.
1514 1616 1695 1688 Quanquam
1712 1616 1738 1674 si
1752 1632 1802 1675 nen

96 1710 229 1765 cedatur.
976 1701 1174 1775 praecessisset
1184 1701 1214 1758 in
1225 1701 1277 1758 illa
1287 1702 1409 1760 milliare
1419 1703 1801 1777 adulterium‚necvirie1'ns

132 1801 198 1854 cnr.
214 1796 288 1853 Xlll.
305 1797 388 1852 Nunc
404 1800 513 1861 autem,
531 1794 577 1851 his
592 1793 731 1850 omnibus
741 1791 923 1848 etdiviniset
976 1791 1137 1847 interiectio
1149 1791 1253 1848 suisset
1263 1792 1483 1864 adjuncta,quis
1494 1809 1553 1850 non
1564 1793 1667 1851 videat
1679 1795 1802 1868 potuisse

96 1879 921 1958 humanislegibuscontemptisatquacalcatis,puhlieam
977 1895 1053 1951 eam,
1069 1883 1183 1934 mortue
1199 1879 1260 1935 viro
1277 1878 1403 1952 proprie,
1420 1883 1448 1935 ct
1463 1878 1564 1936 dehita
1575 1880 1644 1952 jam
1659 1879 1806 1937 curatione

96 1992 149 2048 per
157 1992 207 2031 ecs
217 1968 348 2031 Ecclesia
358 1970 772 2047 impugnationempublicam
783 1968 922 2042 injuriam
977 1967 1186 2042 deplorato,cui
1201 1966 1286 2024 vellet
1300 1967 1421 2025 honesto
1435 1972 1465 2024 et
1474 1967 1608 2042 legitimo
1620 1970 1802 2028 matrimonia

96 2069 125 2119 et
139 2063 355 2119 contumaciam
368 2062 479 2135 patitur
494 2079 500 2117 :
517 2060 547 2116 in
559 2062 673 2117 tantum
690 2064 722 2115 ut
732 2059 820 2115 etiam
831 2074 923 2114 sacer·
977 2056 1124 2129 copulari;
1142 2056 1197 2113 Sed
1214 2060 1243 2111 et
1254 2057 1416 2129 regem‚qui
1427 2074 1479 2130 pro
1489 2057 1661 2115 conditione
1671 2058 1802 2132 temperis

96 2152 215 2207 dotibus
230 2150 302 2218 suis,
319 2156 379 2207 tam
396 2151 536 2222 iniquaet
552 2151 668 2205 funesta
688 2147 920 2220 prohibentibus,

96 2239 220 2295 insidias
235 2238 378 2306 moliri‚et
388 2237 546 2294 seditiones
556 2237 701 2293 concitare
712 2252 769 2291 non
779 2238 919 2290 metuant.

97 2327 178 2394 Quod
194 2327 218 2382 si
236 2326 303 2398 quis
319 2330 379 2382 tam
395 2326 518 2381 insanus
528 2331 582 2392 est,
595 2328 628 2379 nt
638 2324 717 2380 istud
728 2324 882 2395 profanum
894 2328 923 2379 et

95 2410 921 2485 violentumcontuberniumidcirceputetlegitimumlis·

96 2506 119 2561 ri
130 2521 216 2577 posse
226 2503 480 2577 conjugium,quia
488 2501 577 2558 David
589 2517 686 2575 regern
697 2501 809 2572 justum
820 2504 849 2556 et
858 2517 922 2556 san·

96 2599 187 2663 ctum,
205 2594 255 2649 sed
270 2592 300 2648 iu
316 2591 495 2666 quibusdam
520 2595 553 2646 ut
575 2590 723 2646 hominem
749 2588 920 2661 delinquen-

977 2145 1056 2201 illius
1072 2162 1129 2201 non
1145 2145 1357 2217 prohibebatur
1371 2144 1471 2219 plnres
1489 2146 1600 2204 hahere
1626 2164 1744 2220 uxores,
1758 2164 1801 2221 po·

976 2235 1069 2290 tuisse
1077 2235 1205 2307 legitime
1214 2235 1345 2306 accipere
1355 2234 1513 2307 cujuslibet
1521 2236 1655 2293 deiuncti
1666 2235 1800 2293 uxorem?

977 2322 1051 2378 illud
1067 2340 1133 2379 vere
1149 2324 1179 2379 in
1195 2324 1286 2396 gestis
1300 2325 1365 2395 ejus
1380 2323 1571 2397 magnifieum
1587 2329 1619 2382 et
1633 2325 1720 2382 valde
1740 2325 1800 2382 imi·

976 2413 1100 2468 tandum
1116 2411 1214 2479 claret,
1231 2411 1308 2483 quod
1325 2429 1429 2468 uxores
1445 2412 1505 2468 siva
1519 2413 1717 2482 concubinas,
1734 2431 1800 2486 quas

976 2501 1091 2573 lugiens
1105 2494 1262 2572 reliquerat
1276 2501 1312 2557 ad
1328 2501 1551 2558 custodiendam
1567 2503 1705 2570 domum,
1717 2520 1734 2559 a
1747 2503 1799 2559 lilio

975 2590 1066 2662 impio
1080 2589 1238 2645 incestatas
1260 2593 1347 2662 atque
1372 2589 1499 2661 pollutas
1521 2590 1558 2662 (ll
1571 2592 1639 2661 ltep.
1655 2595 1716 2660 xvi)
1730 2609 1798 2649 nun·

97 2687 167 2751 tem,
182 2681 334 2754 Scriptura
349 2680 437 2736 refert
460 2695 579 2736 uxorem
605 2678 679 2734 Uria
704 2677 813 2733 liethai
837 2676 921 2733 adul·
976 2695 1063 2752 quam
1079 2678 1203 2735 ulterius
1219 2679 1399 2751 agnovit,sed
1415 2683 1556 2752 tanquam
1572 2681 1635 2736 vim
1651 2697 1798 2754 perpessas

96 2776 218 2839 teresse,
235 2775 265 2827 et
279 2774 380 2843 postea
403 2768 467 2841 ipse
487 2767 556 2824 Uria
578 2767 734 2824 crudeliter
757 2766 919 2834 interiecto,
976 2767 1049 2823 aluit
1063 2783 1112 2824 eas
1128 2769 1332 2827 tantummodo
1348 2767 1515 2836 clementer,
1532 2772 1562 2824 et
1577 2769 1647 2824 iecit
1662 2785 1713 2825 eas
1728 2769 1800 2825 hebi-

96 2859 185 2916 atiam
201 2859 231 2915 iu
246 2858 418 2932 conjugium
433 2857 597 2930 sumpsisse
607 2857 643 2929 (ll
652 2857 715 2925 lieo.
726 2857 778 2927 xi),
789 2857 922 2912 attendat
975 2860 1036 2911 tare
1046 2854 1162 2912 clausas
1172 2871 1266 2927 usque
1276 2855 1311 2910 ad
1329 2856 1406 2912 diem
1420 2857 1524 2913 mortis
1538 2873 1600 2912 suos
1618 2857 1647 2913 in
1664 2857 1799 2914 viduitate

97 2964 187 3022 quam
202 2948 328 3022 grauiter
341 2951 371 3003 et
384 2944 553 3003 terribiliter
567 2944 753 3017 omnipotens
774 2944 850 3000 Deus
866 2943 921 3000 hee
973 2944 1172 3001 viventes.Sed
1183 2948 1211 3001 et
1221 2943 1294 2999 illud
1306 2960 1491 3017 nequaquam
1503 2945 1644 3002 abhorret
1657 2948 1695 3003 ah
1705 2948 1798 3003 ordine

96 3041 190 3094 totum
207 3052 259 3110 per
271 3035 444 3111 prophetam
457 3050 544 3092 sunm
560 3031 761 3106 increpaverit,
773 3032 920 3106 improba·
975 3038 1003 3090 et
1017 3033 1202 3090 obseruantia
1226 3032 1385 3107 religionis,
1402 3050 1470 3089 cum
1495 3035 1593 3091 adhuc
1619 3041 1756 3110 regnarat
1772 3037 1798 3091 in

96 3126 143 3198 rit,
160 3130 248 3198 atqua
262 3124 453 3192 damnaverit,
470 3124 571 3180 dicens
587 3138 594 3177 :
612 3122 706 3179 Uriam
719 3121 859 3179 bethaum
874 3136 921 3177 oc·
975 3124 1089 3179 Hebron
1105 3139 1194 3195 snper
1202 3122 1313 3179 tribum
1323 3122 1401 3179 tuda
1410 3124 1663 3194 tantummodoct
1674 3125 1798 3182 isboseth

95 3215 198 3283 cidiett',
214 3223 240 3271 et
253 3229 368 3270 acerem
385 3213 464 3269 itlius
478 3213 606 3283 occepisti
627 3227 751 3281 morem,
767 3217 793 3266 et
806 3212 921 3282 interse-
935 3194 958 3264 C
976 3212 1055 3269 silius
1069 3207 1139 3269 Saul
1154 3212 1297 3269 obtineret
1311 3227 1435 3285 reguum
1448 3211 1550 3282 lsrael,
1562 3213 1649 3270 misit
1662 3214 1699 3269 ad
1710 3215 1799 3272 hbuer'

95 3306 157 3359 cisti
170 3319 234 3359 eum
248 3301 341 3372 plodio
352 3301 476 3372 fitiorum
489 3298 798 3370 Ammcc.Qaatnobrem
810 3315 866 3356 noa
881 3316 921 3356 re·
975 3301 1136 3376 principem
1152 3300 1280 3357 militum
1295 3306 1324 3357 et
1337 3303 1562 3374 gubernatorem
1579 3305 1690 3360 domus
1710 3304 1798 3378 regia,

95 3392 168 3447 cedet
181 3389 288 3462 eladius
302 3390 335 3446 de
348 3389 426 3445 deme
441 3398 489 3445 tac
508 3405 592 3461 usque
618 3391 649 3444 ia
672 3390 877 3460 sempitrnum,
890 3406 920 3445 eo
975 3396 1008 3447 ut
1022 3391 1187 3447 restitueret
1200 3389 1225 3445 ei
1242 3389 1348 3446 Michol
1360 3389 1618 3464 ssliamSaul‚quae
1630 3393 1800 3451 iueraturer

95 3479 165 3552 qued
179 3478 334 3552 despexeris
348 3485 435 3543 creet
450 3479 547 3534 tuteris
569 3493 682 3534 wevera
707 3478 782 3534 liris
804 3478 919 3548 liemaei,

95 3577 126 3624 ut
139 3576 207 3625 esset
221 3583 292 3624 uxor
306 3577 354 3624 tua
367 3567 405 3637 (ll
418 3568 481 3637 itep.
497 3583 549 3635 xn,
563 3567 591 3636 9,
606 3566 661 3635 40).
678 3566 712 3622 lit
726 3565 845 3638 quidem
861 3571 920 3624 sta·

94 3656 148 3713 tim
161 3655 203 3712 illi
221 3655 279 3712 alto
294 3654 393 3713 dolore
407 3659 593 3728 compuncto,
610 3658 639 3711 et
658 3653 809 3726 paenitenti
833 3659 920 3727 atqua

95 3745 248 3802 humiliter
262 3744 424 3809 confitenti,
435 3746 522 3798 tautae
534 3742 697 3814 iniquitatis
707 3746 804 3798 reatus
817 3742 920 3799 dimis-

5 3883 9 3892 ,
96 3851 148 3890 sus
162 3837 216 3888 est.
232 3832 280 3888 Ait
293 3848 420 3903 namque
434 3831 511 3887 brevi
527 3846 672 3895 sermone,
687 3846 793 3902 magno
807 3834 836 3886 et
851 3848 920 3904 pro·

95 3921 187 3977 lundo
203 3920 300 3977 cordis
315 3920 426 3992 gemitu
440 3937 445 3976 :
457 3921 571 3977 Petelini
582 3921 709 3988 Domino,
720 3924 750 3975 et
762 3919 861 3975 statim
872 3937 921 3977 au·

96 4011 158 4067 dire
174 4010 282 4067 meruit
297 4027 350 4082 per
363 4010 535 4083 prophetam
548 4027 554 4065 τ
566 4011 698 4066 Dominae
713 4026 818 4082 quoque
833 4019 921 4067 trans-

95 4099 160 4156 tulit
178 4107 319 4173 peeeotum
347 4107 434 4167 mum,
456 4116 512 4156 corr
535 4101 661 4156 morieris
686 4099 919 4172 (ibid.,13).Ve·

94 4184 260 4246 rumtamen
276 4187 318 4245 sic
333 4187 358 4244 ei
379 4187 536 4244 dimissum
560 4192 605 4244 eat
628 4192 790 4260 peccatum,
807 4193 839 4244 ut
861 4206 918 4246 non

94 4278 230 4334 evaderet
244 4277 405 4350 temporale
420 4277 568 4351 flagellum
579 4278 657 4350 quod
669 4276 695 4333 ei
706 4277 800 4333 luerat
810 4278 920 4335 dennu-

94 4367 211 4423 tiatnm.
227 4367 300 4423 Nam
310 4370 340 4422 et
349 4365 491 4439 filius,qui
504 4367 607 4423 exinde
618 4370 705 4422 natus
716 4366 919 4433 sueratconse·

974 3481 1049 3552 ejus,
1066 3483 1095 3536 et
1109 3495 1198 3551 quam
1214 3479 1272 3535 sihi
1282 3478 1509 3552 desponsaverat
1518 3485 1640 3538 centum
1652 3482 1798 3556 preputiis

975 3568 1208 3640 Philistinorum,
1225 3583 1373 3640 quamque
1387 3566 1468 3635 Saul,
1485 3573 1569 3641 pater
1578 3568 1688 3642 ipsius,
1696 3570 1746 3627 illc
1755 3570 1798 3627 hc·

975 3657 1080 3714 utiliter
1095 3657 1183 3713 etism
1208 3661 1289 3714 extra
1314 3656 1455 3714 terminos
1480 3657 1561 3730 regni
1593 3659 1642 3716 sui
1666 3661 1795 3734 effugato,

975 3745 1056 3802 altari
1072 3747 1133 3802 viro
1148 3747 1308 3802 tradiderat
1322 3746 1477 3819 conjugem
1489 3748 1528 3816 (ll
1539 3747 1606 3817 lieu.
1618 3748 1676 3821 nr).
1686 3749 1795 3806 lustum

975 3851 1100 3908 namque
1115 3839 1187 3903 erat,
1202 3839 1235 3891 ut
1248 3835 1298 3891 illa
1313 3835 1514 3907 persecutione
1528 3839 1558 3892 et
1577 3837 1755 3911 effugatione
1766 3837 1795 3892 ll·

975 3923 1045 3991 nita,
1060 3939 1211 3997 regressus
1225 3923 1255 3978 in
1271 3923 1407 3995 patriam,
1422 3923 1500 3996 qnod
1512 3924 1569 3980 sibi
1577 3925 1650 3997 jure
1661 3929 1796 4000 compete

973 4013 1024 4069 hat
1039 4013 1178 4086 reciperet
1193 4013 1280 4069 etiam
1292 4013 1321 4067 in
1334 4011 1465 4085 qualibet
1476 4014 1667 4085 possessione
1677 4020 1793 4082 merens,

974 4106 1082 4175 quanto
1097 4101 1192 4175 magis
1202 4101 1231 4156 in
1243 4102 1370 4175 conjugii
1383 4101 1615 4169 societate,sicut
1624 4105 1717 4162 etium
1728 4102 1794 4161 sacri

973 4208 1099 4249 canones
1114 4188 1203 4247 simili
1214 4189 1360 4262 equitatis
1368 4189 1577 4248 deliberatione
1584 4191 1793 4251 observandum

974 4298 1037 4337 esse
1054 4279 1239 4335 decernunt?

1008 4369 1076 4425 Csr.
1092 4368 1149 4424 XV.
1167 4368 1292 4424 Possunt
1306 4368 1395 4424 etiam
1410 4368 1580 4426 istiusmodi
1602 4371 1692 4444 pravi
1716 4374 1794 4444 atque

94 4455 163 4511 stim
175 4454 392 4527 divinojudicio
408 4471 565 4528 percussus
577 4457 622 4510 eat
631 4458 660 4510 et
671 4455 919 4528 mortuus,etipse
973 4457 1086 4512 distorti
1100 4455 1245 4529 homines,
1255 4456 1314 4512 sive
1328 4455 1455 4513 lautores
1463 4474 1496 4513 ac
1505 4457 1680 4532 deceptores
1689 4476 1794 4530 eorum,

94 4546 195 4615 postea
223 4543 404 4614 gravissimis
433 4543 683 4613 tribulationibus,
713 4549 743 4600 et
766 4546 847 4618 regni
872 4545 918 4600 sui
934 4566 957 4632 D
973 4544 1045 4601 illud
1061 4546 1145 4617 quasi
1157 4546 1238 4616 juste
1248 4549 1276 4602 et
1286 4543 1408 4602 licenter
1418 4562 1569 4603 assumere
1580 4547 1612 4604 in
1621 4548 1794 4624 exemplum,

95 4629 251 4687 amissione
266 4648 318 4704 per
332 4630 426 4688 lilium
443 4649 530 4689 suum
545 4631 673 4689 Absalon
688 4633 728 4689 ita
738 4633 865 4690 sillictus
875 4638 920 4690 est
974 4633 1053 4703 quod
1068 4633 1104 4687 de
1118 4630 1189 4688 viris
1203 4632 1299 4689 tribus
1314 4632 1466 4705 Benjamiu
1482 4634 1609 4691 relertur
1622 4634 1655 4692 in
1665 4636 1795 4694 libratu·

94 4722 123 4774 et
136 4722 265 4787 vexatus,
283 4736 316 4775 ae
331 4720 409 4776 velut
422 4719 451 4775 in
469 4722 585 4777 fornace
597 4721 674 4794 ignis
685 4726 821 4778 excoctus
832 4726 919 4795 atque
972 4721 1070 4777 dicum
1088 4720 1160 4794 (tud.
1176 4738 1213 4776 xx
1222 4721 1313 4793 ctxxr)
1325 4737 1332 4776 ε
1345 4721 1475 4793 quicum
1487 4738 1540 4796 pro
1551 4723 1642 4796 culpa
1657 4725 1795 4800 superbie

94 4811 247 4881 purgatus,
265 4811 298 4863 ut
318 4825 383 4865 vere
408 4809 470 4865 sola
491 4810 590 4865 divina
613 4809 768 4866 clementia
791 4811 918 4867 evasisse
972 4814 1001 4867 et
1015 4809 1167 4882 pravitatis
1183 4827 1252 4876 suu,
1265 4825 1323 4881 que
1338 4809 1446 4865 civium
1457 4827 1580 4867 suorum
1591 4812 1794 4872 detestandum

93 4896 236 4952 videatur.
253 4897 334 4963 Quod
362 4901 460 4953 autern
486 4899 657 4972 conjugium
676 4898 760 4971 illud,
777 4904 837 4956 tam
852 4917 918 4974 gra·
973 4904 1059 4972 atque
1075 4898 1326 4955 immanissimum
1342 4898 1449 4967 scelus,
1460 4900 1603 4958 adversus
1618 4901 1715 4960 Deum
1724 4906 1796 4960 etto

93 4985 167 5041 viter
181 4985 365 5057 increpatum
376 4990 404 5042 et
415 4985 716 5060 improbatum,atque
726 4988 917 5063 flagellatum,
972 4989 1031 5045 tius
1046 4988 1146 5061 populi
1156 4987 1314 5059 judicium,
1329 4988 1462 5062 improbe
1480 4993 1510 5045 et
1530 4988 1621 5064 impie
1645 4991 1796 5050 defendere

94 5075 135 5130 ita
150 5091 268 5131 manere
283 5075 461 5147 permissum
477 5081 530 5143 est,
546 5077 701 5134 manifeste
723 5096 781 5134 nou
797 5083 842 5135 est
856 5078 918 5134 cui·
973 5077 1480 5150 ausisunt,eteontracmueregnum
1491 5077 1592 5134 rebelli
1602 5079 1795 5138 obstinatione

94 5178 183 5236 quam
199 5164 236 5220 ad
251 5163 429 5220 imitandum
445 5165 639 5237 propositum,
657 5170 690 5221 ut
703 5166 826 5238 quilibet
837 5166 866 5222 in
877 5167 920 5223 in·
972 5165 1333 5240 pugnare,divinojudici0
1344 5166 1374 5221 in
1385 5165 1460 5222 bello
1472 5167 1701 5242 corruissent‚et
1710 5184 1795 5243 usque

90 5251 655 5325 justcordinecredatsehaberejustum
665 5255 853 5329 eonjugium:
866 5256 917 5312 sad
972 5257 1008 5313 ad
1019 5254 1247 5312 internecionem
1259 5271 1332 5328 pene
1342 5254 1649 5329 inissentdeleti,cum
1658 5255 1795 5317 univesa

95 5340 916 5413 potiusdivinumexstititmiraculumvelsacramentum,
972 5344 1112 5402 uxoribus
1127 5347 1156 5399 et
1170 5342 1239 5398 liliis
1255 5342 1316 5399 suis
1332 5343 1528 5400 remanserint
1542 5360 1577 5402 ex
1587 5349 1651 5404 tcta
1660 5333 1797 5405 illati-ihu

94 5426 136 5484 ita
149 5429 233 5486 illum
248 5429 343 5487 virum
353 5447 421 5487 vera
431 5434 460 5486 ct
470 5429 635 5487 admirabili
648 5429 817 5503 poenitentia
827 5431 918 5489 inisse
972 5433 1100 5490 sexcenti
1115 5432 1167 5488 viri
1177 5433 1392 5510 tantummodo:
1403 5431 1486 5489 Unde
1500 5434 1661 5494 universus
1676 5435 1795 5511 populus

95 5523 355 5592 purgatum,atque
365 5518 490 5575 abomni
503 5518 667 5575 adulterina
678 5519 864 5590 subreptione
874 5539 917 5579 sa·
972 5521 1125 5594 Israel,qui
1141 5521 1170 5577 in
1184 5520 1234 5576 illo
1249 5522 1408 5578 certamine
1423 5515 1565 5582 adversus
1579 5539 1630 5582 eos
1652 5540 1796 5600 pracesse·

96 5609 209 5678 uatum,
225 5612 258 5665 ut
268 5611 368 5684 posset
380 5611 410 5666 et
424 5624 459 5664 ex
472 5607 523 5666 tali
539 5606 744 5682 conjunctione
759 5612 873 5668 castum
888 5614 918 5667 et
971 5616 1025 5684 rat,
1035 5626 1142 5685 eosque
1151 5613 1347 5686 prostraverat
1354 5610 1548 5686 gladiop'uxta
1556 5603 1799 5693 diviuamiuasia·
