3824 6096
117 256 176 318 ris
584 246 777 313 ardenam
803 245 1027 307 adducatis
1048 246 1357 313 Attcutsrtsccnt.
1760 251 1822 315 itt

117 379 472 455 remurmurantett).
483 378 614 450 lusbtia,
630 379 748 451 quanda
758 377 848 439 dixit:
862 375 941 443 t'cde,
955 378 982 447 Α
997 374 1138 449 episcopi,
1154 382 1182 435 ct
1210 395 1267 435 nan
1297 378 1550 453 deprehendamur
1577 377 1821 453 reprehendendi.

115 476 227 543 emittm,
243 471 402 546 etamplius
415 469 476 527 noti
487 484 598 541 peccare
610 467 713 540 (itte).
996 465 1077 532 Quod
1101 463 1228 539 denique
1256 466 1367 525 ibidem
1390 466 1538 536 scribitur,
1554 466 1625 540 quia
1638 484 1707 525 cum
1721 467 1823 533 nullus

151 558 226 622 Nam
237 562 314 636 quod
325 559 357 617 iu
371 563 450 617 tamo
462 575 553 631 supra
568 561 728 616 memorato
739 555 940 631 relegimusdc
995 553 1131 625 specialis
1155 560 1307 613 accusator
1330 557 1459 625 accedat,
1476 555 1541 628 ipsa
1555 559 1654 617 tamen
1671 555 1824 617 admonita

115 653 237 728 prelata
260 648 382 708 muliere
407 646 528 704 Boscnis
543 645 599 703 hoc
613 646 699 702 mado
714 644 914 716 conscriptum
932 660 938 699 :
995 642 1103 714 pariter
1116 646 1144 698 ct
1159 643 1348 717 interrogata,
1365 643 1437 700 nihil
1462 644 1542 703 aliud
1558 644 1716 703 confltetur
1730 662 1822 721 qaum

118 732 132 794 ι’(
144 741 284 801 Maritum
297 755 363 799 vcro
378 736 458 793 illius
473 751 542 793 cnm
566 739 651 808 pacta
676 733 852 800 securitatis,
869 733 939 789 dum
995 731 1072 803 quod
1086 731 1177 789 solius
1187 732 1325 788 ltucbcrti
1336 733 1648 805 persecutionemmori
1659 733 1823 799 timensde·

116 829 242 898 advenit,
264 827 309 886 vel
337 827 513 883 immoratur
540 824 705 891 nobiscum,
731 822 791 879 sive
819 821 939 893 recedit,
994 818 1083 883 clinct
1100 836 1106 875 :
1124 821 1194 895 quid
1209 820 1288 877 aliud
1303 826 1404 891 restat,
1419 821 1558 894 quoniam
1574 840 1592 881 a
1606 823 1723 887 nominc
1739 840 1823 889 accu-

116 918 311 985 cvacarintus,
323 920 356 977 ut
369 917 434 988 ejus
457 915 613 989 conjugem
629 913 657 969 iu
675 912 769 986 ipsius
786 911 941 984 prasentia
995 914 1087 977 satur,
1101 910 1126 965 si
1141 909 1269 984 episcopi
1284 911 1447 969 secundum
1463 910 1536 973 tates
1551 928 1692 985 canones,
1705 912 1731 980 si
1748 912 1821 979 torte

115 1007 326 1073 examinemus,
342 1003 570 1063 inexaminatam
590 1019 655 1059 veru
671 1001 757 1057 umrti
774 1002 887 1059 tradere
903 1001 940 1058 ad
995 995 1142 1054 habentur
1161 1016 1235 1073 quos
1248 1000 1390 1057 'nundum
1414 999 1552 1073 tegimus,
1567 1006 1597 1059 et
1611 999 1772 1067 Christiani
1788 1018 1821 1065 to

116 1114 169 1157 aas
184 1095 412 1169 cantugieatcm,
430 1092 613 1162 utiniquum
637 1094 666 1149 et
689 1088 806 1150 crudele
829 1089 938 1147 devita-
995 1085 1107 1142 nobiles
1121 1086 1186 1143 laici
1198 1088 1285 1161 juxta
1299 1088 1388 1163 leges,
1404 1105 1478 1167 quas
1500 1105 1690 1167 naquaquam
1716 1088 1820 1153 didici·

116 1203 203 1245 mns:
221 1184 291 1259 quic
304 1200 372 1241 cum
384 1180 485 1239 nultus
500 1180 635 1253 specialis
650 1184 802 1238 accusator
811 1179 938 1249 accedat,
995 1191 1072 1243 mus,
1089 1175 1174 1233 aliter
1197 1194 1255 1235 nan
1280 1178 1454 1246 invenerint,
1470 1177 1526 1239 uisi
1543 1183 1575 1239 ut
1590 1179 1696 1246 marita
1711 1196 1778 1248 suo,
1793 1183 1821 1244 et

114 1275 180 1351 ipsa
208 1277 306 1333 tamen
331 1269 482 1329 admonita
508 1269 618 1343 pariter
631 1272 661 1324 et
675 1269 853 1344 interrogata
867 1263 939 1324 nibil
994 1265 1019 1320 si
1030 1265 1104 1321 sorte
1120 1267 1279 1324 necessitas
1290 1271 1319 1323 ct
1329 1268 1403 1326 ratio
1413 1285 1466 1341 pro
1482 1267 1579 1340 aliquo
1590 1267 1617 1327 ci
1631 1268 1749 1340 abjecte
1763 1269 1819 1325 cri·

115 1363 194 1423 aliud
206 1362 372 1426 confltetur,
384 1375 474 1431 quam
486 1359 562 1431 quod
580 1357 672 1417 satius
688 1359 826 1417 ildeberti
841 1376 939 1432 persn-
995 1354 1073 1408 nrinc
1088 1353 1298 1427 postulat‚cum
1315 1356 1452 1415 firmitate
1467 1357 1503 1415 dc
1518 1356 1655 1430 equitate
1670 1356 1820 1425 reddatur,

112 1453 262 1513 cntionem
273 1448 348 1509 mori
359 1448 466 1508 tintcss
477 1446 613 1513 dectinet,
631 1470 645 1499 u
661 1448 819 1520 prudenter
832 1449 940 1506 debent
994 1446 1022 1497 et
1033 1459 1051 1497 a
1063 1441 1168 1498 marito
1179 1460 1244 1514 811⁰,
1257 1461 1292 1501 ne
1302 1445 1339 1501 ab
1354 1444 1499 1508 ildeberto
1513 1444 1677 1517 occidatur,
1693 1444 1822 1511 maritali

113 1541 242 1614 legentes
269 1539 429 1606 advertere,
448 1540 549 1595 utrum
576 1536 752 1603 auctoritati,
769 1536 813 1593 vol
834 1537 939 1593 rationi
994 1530 1173 1604 ᾶθῖθῐὶῦἱθῐίῡ,
1189 1537 1222 1588 Ui
1234 1532 1350 1604 justum
1375 1537 1430 1601 tsi,
1447 1538 1575 1602 tueatur.
1589 1538 1619 1595 tt
1631 1534 1676 1595 sio
1700 1534 1822 1601 domum

112 1627 208 1689 valeat
230 1624 393 1689 convenire.
408 1624 574 1683 Auctoritas
603 1623 710 1699 qnippe
740 1624 776 1680 dc
804 1625 940 1697 equitate
994 1619 1119 1676 maritus
1134 1622 1296 1680 secundum
1308 1622 1579 1681 Christianorum-ct
1591 1622 1828 1689 ecclesiasticam

113 1722 201 1793 atque
209 1714 329 1793 justitia
343 1712 543 1776 conservanda
557 1711 797 1785 confugientibus
807 1714 843 1769 nd
854 1713 943 1773 ecclc.
957 1738 980 1804 B
996 1706 1100 1781 legem,
1113 1713 1146 1766 ut
1156 1709 1199 1767 vir
1209 1710 1245 1767 dc
1262 1727 1351 1768 uxore
1370 1710 1466 1783 debet,
1484 1711 1615 1785 legitima
1629 1717 1720 1787 atquc
1737 1710 1828 1789 legali

110 1806 188 1867 nam
208 1802 337 1877 postulat
351 1802 534 1870 firmitatem,
546 1805 576 1859 ct
586 1819 644 1861 acu
662 1801 722 1858 viro
733 1802 769 1858 de
781 1819 869 1861 uxore
883 1820 938 1861 sua
994 1814 1029 1852 cn
1043 1813 1078 1853 ea
1091 1801 1233 1870 potestate
1248 1799 1369 1856 utatur?

112 1892 244 1968 legaliter
258 1893 445 1965 desponsata,
460 1890 590 1964 legitime
614 1891 722 1958 dotata,
740 1889 868 1967 publicis
882 1908 937 1947 uu·
1212 1923 1483 1983 INTERROGAffi
1502 1924 1598 1983 xxm·

109 1982 360 2063 ptiishcnestata,
376 1979 404 2038 si
425 1979 592 2053 suspicione
621 1984 722 2037 cantra
749 1995 815 2035 caui
839 1983 937 2035 matus

112 2070 209 2136 tuerit,
221 2069 383 2142 legitimam
404 2068 498 2124 autcrt
517 2068 634 2140 penitus
651 2071 836 2143 potestatem.
854 2068 936 2133 Quod
1026 2027 1067 2082 ΠΟ
1080 2045 1114 2119 90
1129 2029 1206 2101 q⁰⁰d
1223 2029 1368 2102 ³⁰¹'ipium
1384 2036 1428 2086 “i
1443 2030 1652 2105 “quibffidm
1665 2030 1737 2100 (Μ’
1749 2033 1777 2089 θῖ
1792 2050 1850 2090 ⁸⁸

222 2159 227 2169 .
373 2155 378 2168 .
587 2155 593 2166 .
991 2133 1248 2173 ncuexecnscnsu
1259 2119 1303 2173 cir
1314 2122 1342 2174 et
1353 2118 1829 2192 mulierpropterccntincnttam,

112 2163 251 2217 ‘mmmm
266 2157 415 2229 neptam
427 2158 462 2212 de
473 2156 615 2231 mmmm
634 2157 774 2211 scnium
789 2155 880 2228 (ΝΜ
896 2155 934 2227 v),
989 2205 1040 2260 sed
1056 2210 1174 2280 propter
1189 2206 1347 2262 discidium
1363 2205 1481 2280 aliquod
1508 2224 1645 2282 separare
1658 2208 1848 2279 valuerint„

111 2244 540 2316 urviruxnremsnamspiritu
557 2243 704 2317 mlmipiae
720 2243 933 2300 mimmii
988 2293 1033 2348 vel
1060 2310 1161 2350 earum
1190 2295 1352 2367 fragilitati,
1367 2295 1392 2352 si
1413 2297 1541 2370 separati
1556 2298 1756 2355 sescntinsre
1771 2315 1869 2357 nc—

110 2336 277 2396 sccerdotes
301 2333 390 2393 ducat
419 2331 652 2399 examinandam,
669 2333 734 2388 idco
758 2337 934 2406 preceptum
1032 2384 1057 2415 ·‚
1092 2384 1097 2396 ,
1190 2383 1199 2438 1
1322 2385 1349 2440 ,1,
1389 2386 1395 2398 ,
1448 2385 1457 2442 l
1513 2387 1519 2398 ,
1684 2388 1691 2401 ,

111 2429 166 2493 est,
181 2423 254 2497 quia
283 2421 443 2481 sacerdotis
471 2420 601 2479 officium
629 2425 683 2489 est,
700 2424 733 2477 ut
756 2422 934 2479 exorcismos
987 2390 1188 2484 quffifflnt've
1215 2401 1328 2441 ‘⁰⁰⁰¹'ffl
1342 2390 1869 2456 ¹³r¹¹¹⁰¹¹⁰¹¹¹¹t2⁸¹¹⁰t⁰f¹t⁸⁸⁶⁸⁰-

111 2512 357 2593 aquisetuandcs,
368 2527 442 2586 quas
462 2509 569 2567 mulier
586 2510 670 2566 debet
686 2510 795 2578 bibare,
811 2527 863 2585 pro
879 2512 932 2567 mi·
987 2489 1139 2546 ⁶p¹⁵⁰⁰p⁰⁶
1155 2490 1241 2546 p⁰⁵⁵⁰
1256 2474 1436 2609 mmmm!

110 2601 230 2663 nisteric
240 2601 296 2658 sibi
310 2598 447 2673 imposita
462 2599 585 2656 scribat:
595 2600 708 2655 undcct
716 2601 790 2655 sacri
806 2617 933 2657 canones
1297 2581 1506 2640 RESPONSIO·

111 2680 300 2751 decreverunt
314 2693 325 2758 (
338 2706 398 2748 corr.
414 2688 508 2763 trau.
523 2705 547 2745 c.
564 2688 621 2757 25),
637 2693 670 2747 ut
685 2689 839 2745 saculares
864 2708 933 2747 suna
1022 2686 1123 2743 Sciant
1137 2687 1304 2761 quicunque
1319 2688 1380 2745 hnc
1394 2689 1505 2760 dicunt,
1521 2693 1688 2753 secundum
1710 2710 1869 2773 quem—

109 2781 435 2858 conjugesanteqnan
465 2778 502 2835 ad
526 2777 697 2851 episcopam
725 2777 932 2851 provincialem
987 2775 1054 2831 dam
1067 2775 1869 2853 modun,hurusmodioapitntunquartumerinna

109 2868 227 2928 discidii
254 2884 375 2927 causam
409 2866 546 2934 dixerint,
573 2883 631 2923 nca
658 2866 809 2935 damnent,
838 2884 932 2941 neque
986 2863 1869 2945 suisseillarum,quisanctaesynodaCimlcadcnensitle-r

109 2956 258 3036 ainciaut.
275 2960 417 3017 damnum
432 2955 523 3029 legale
543 2954 690 3029 judicium
714 2955 872 3013 auctoritas
888 2957 932 3013 di·
987 2970 1088 3026 rogare
1103 2958 1132 3010 et
1146 2955 1291 3013 contraire
1306 2960 1869 3041 presumpserunbetabapastolic-

107 3044 254 3105 vinaviris
264 3044 372 3103 desnis
384 3061 441 3101 uun
457 3043 534 3100 tollit
553 3044 702 3112 uxoribus,
714 3045 835 3101 sioutex
849 3061 932 3100 evau-
986 3044 1064 3115 sede,
1072 3047 1160 3115 atque
1176 3044 1369 3103 unanimitate
1383 3045 1472 3105 totius
1489 3048 1592 3109 mnudi
1606 3047 1869 3125 episcopcrum

106 3133 200 3209 getica
210 3133 329 3193 veritate
344 3149 434 3205 supra
449 3132 701 3189 ostendimus.Sc‹l
717 3136 746 3187 et
759 3131 930 3206 diligentius
946 3107 967 3172 C
987 3136 1057 3186 sunt
1068 3136 1099 3187 ut
1111 3133 1222 3189 erronei
1233 3134 1430 3205 condemnati,
1442 3135 1519 3193 sicut
1534 3142 1655 3197 sanctus
1670 3138 1730 3199 iaco
1741 3137 1869 3199 mule

108 3223 294 3281 advertamus
309 3222 386 3295 quod
403 3221 432 3277 iu
448 3238 539 3294 supra
553 3221 661 3294 scripta
676 3220 822 3277 volumine
837 3223 931 3279 couti·
984 3220 1222 3289 tutios‚etbcatus
1233 3222 1649 3301 Gregoriusetiamiuepistola
1659 3224 1869 3291 ad't'lteccn-

106 3314 203 3377 netur,
228 3334 241 3360 a
260 3310 489 3367 inexaminatam
512 3325 579 3366 veru
595 3309 680 3366 morti
696 3308 810 3367 tradere
825 3310 862 3367 ad
877 3327 931 3368 nos
985 3307 1085 3365 tisiam
1101 3309 1263 3383 patriciam,
1280 3310 1348 3369 hinc
1375 3311 1452 3373 iuter
1479 3312 1538 3373 utin
1558 3313 1691 3387 scripsit,
1705 3314 1869 3381 dican„

106 3398 334 3471 confugientem,
351 3403 384 3457 ut
399 3398 547 3475 iniquum,
563 3401 592 3454 et
605 3396 929 3469 crudetedevitamusp·
983 3398 1045 3469 (tib.
1063 3400 1244 3472 n,ep.3c):
1275 3424 1289 3451 c
1306 3400 1359 3457 Per
1387 3417 1429 3471 so,
1453 3400 1561 3475 inquit,
1589 3400 1707 3463 vernas
1726 3401 1869 3481 iliad.

106 3485 158 3558 qui
174 3501 267 3557 neque
282 3485 464 3547 amaricatos
478 3486 591 3545 tradere
604 3485 690 3543 marti
704 3487 856 3555 debemus,
873 3487 929 3547 nisi
983 3488 1061 3561 Quod
1075 3489 1144 3545 Deus
1154 3488 1261 3560 junxit,
1277 3490 1355 3547 dorna
1367 3506 1423 3547 noa
1440 3498 1546 3563 separet
1566 3489 1674 3563 (dcta
1690 3508 1752 3566 ιιι,
1765 3492 1869 3565 bl...-

107 3577 140 3633 nt
152 3579 271 3646 peccatu
293 3574 399 3631 mortui
421 3573 479 3631 Dec
494 3574 600 3630 vivant.
617 3575 817 3632 Corrccdamus
831 3581 929 3633 tamen
983 3578 1051 3642 Qum
1065 3577 1153 3632 ctiam
1169 3578 1229 3634 ait:
1246 3579 1305 3635 dico
1320 3579 1381 3636 licet
1395 3578 1534 3637 dimittere
1554 3595 1680 3647 tractent,
1693 3588 1869 3659 nuptu

107 3667 140 3725 ut
154 3662 282 3740 episcopi
304 3663 438 3721 eamdem
453 3662 594 3719 sentinam
608 3664 638 3719 iu
655 3680 709 3721 sca
723 3669 876 3738 potestate,
893 3666 929 3721 ad
982 3680 1066 3721 crtum
1079 3666 1271 3737 fornicationis
1287 3667 1389 3739 (dudd.
1401 3668 1486 3741 cst).
1503 3668 1573 3737 Quis
1588 3684 1658 3743 ergo
1673 3668 1869 3731 annon-

105 3768 180 3829 quas
200 3752 367 3827 ccot'ugisse
390 3751 507 3823 dicitur,
525 3752 693 3822 retinentes,
710 3770 808 3811 curam
824 3755 930 3812 merito
983 3752 1050 3810 testi
1064 3755 1223 3828 legislatori
1238 3756 1437 3815 contradicat?
1446 3757 1562 3815 Scimm
1577 3757 1649 3831 quia
1662 3758 1869 3832 scriptum-ff

106 3855 171 3908 suc,
187 3839 212 3897 si
228 3840 370 3917 quiddam
385 3840 496 3897 sinistri
512 3842 536 3897 ei
555 3846 679 3917 reputat,
690 3842 856 3900 examinare
866 3860 929 3916 prc-
982 3846 1037 3912 est,
1053 3843 1141 3901 Erunt
1154 3843 1206 3901 dcc
1222 3847 1252 3901 in
1271 3862 1352 3903 cerne
1376 3863 1433 3908 aaa
1458 3845 1534 3911 (Gen.
1550 3863 1582 3918 n,
1596 3846 1656 3915 24).
1672 3846 1704 3909 si
1717 3847 1869 3929 igitur!

105 3929 217 4001 cureat,
235 3927 349 4001 etquid
374 3929 520 4003 agendam
544 3931 608 3997 crit,
625 3931 650 3986 si
671 3930 700 3986 in
715 3932 930 3991 examinatione
982 3931 1068 3988 viret
1084 3950 1155 3991 uxor
1170 3950 1229 3992 uua
1243 3951 1309 3991 carc
1325 3939 1406 4005 suut,
1422 3938 1452 3991 ot
1476 3933 1625 4008 religionis
1649 3951 1743 4001 causa
1764 3934 1869 3997 tir!

104 4013 947 4092 episcopaliinventaculpubitistuerittSicuimjndicium.
982 4020 1107 4077 dimittit
1117 4039 1249 4092 uxorem,
1260 4022 1304 4081 vel
1313 4022 1419 4082 mulier
1428 4023 1524 4081 virum
1535 4023 1565 4081 in
1581 4023 1637 4080 hcc
1651 4024 1869 4090 mundare<

103 4102 197 4183 tegare
207 4106 242 4167 de
253 4123 288 4164 aa
306 4106 445 4187 culpabili
461 4108 580 4169 inventu
594 4108 723 4184 episcopi
738 4126 793 4165 sua
807 4109 930 4167 auctori·
983 4115 1161 4183 manentem,
1177 4110 1326 4171 ueletiam
1351 4113 1475 4171 tortasse
1496 4113 1534 4171 ad
1555 4111 1662 4171 illicita
1675 4116 1746 4174 vota
1756 4111 1869 4177 miv-

103 4197 162 4261 tctc
172 4195 317 4259 valuerint
330 4195 443 4269 tallere,
459 4201 561 4257 contra
575 4214 643 4255 eum
657 4198 929 4272 uidebunturngcre
982 4204 1128 4272 grentam,
1141 4217 1206 4273 qun
1221 4206 1267 4261 est
1281 4201 1338 4259 ista
1352 4201 1616 4275 conversionisque
1630 4202 1869 4269 amendam-⁴

102 4285 929 4365 cujusactioniquescrmcperlectaauctoritasacscitur
982 4304 1039 4360 que
1053 4305 1131 4360 caro,
1148 4294 1177 4347 et
1198 4307 1233 4347 ex
1261 4295 1344 4367 parta
1373 4289 1480 4349 transit
1495 4290 1532 4349 ad
1547 4290 1810 4363 continentiam
1833 4280 1869 4349 1.

102 4389 178 4444 esse,
194 4375 272 4433 sicut
286 4375 430 4453 scriptum
445 4379 490 4433 est
506 4392 512 4430 :
530 4379 602 4447 φιτ
615 4377 786 4450 crepitieacr
799 4377 930 4448 focerect
982 4381 1249 4450 exparteremnuet
1266 4378 1579 4453 inportuniorem
1594 4378 1809 4445 metronii*
1841 4392 1869 4411 ⁶

102 4461 196 4519 docere
210 4464 278 4532 (Act.
294 4480 314 4532 1,
332 4465 369 4533 t),
395 4463 536 4537 quoniam
566 4463 660 4521 isdem
687 4465 724 4520 dc
751 4463 874 4521 muliera
898 4463 967 4538 inl]
984 4485 1041 4542 quc
1056 4469 1422 4529 conveniatccntincutem
1437 4468 1809 4549 vitamducarc,iaact1nit
1854 4468 1869 4509 ¹

103 4549 928 4627 adulteriodeprehenscjudiciumaanobstulit,quiper
982 4557 1088 4613 audeat
1098 4557 1381 4631 accusaretquandc
1398 4561 1510 4615 certum
1525 4560 1571 4619 est
1583 4556 1812 4637 quodcmnipo·
1853 4568 1869 4585 ·

103 4636 221 4717 Moysen
242 4638 415 4715 hujusmodi
438 4640 562 4714 lapidari
585 4641 735 4717 praecepit,
751 4643 824 4699 681
843 4644 894 4699 sed
910 4660 928 4701 a
982 4652 1047 4703 tens
1062 4646 1150 4715 Deus,
1168 4646 1217 4721 qui
1233 4647 1349 4706 minora
1370 4647 1525 4716 concessit,
1541 4647 1658 4723 majore
1671 4664 1732 4711 που
1746 4661 1810 4727 910·

97 4727 190 4801 justis
200 4729 353 4801 judicibus
377 4729 440 4786 deri
461 4731 610 4803 judicium
625 4730 717 4805 legale
731 4732 868 4806 pracepit
883 4734 926 4790 di·
982 4735 1088 4791 hibuit.
1100 4736 1135 4791 Et
1146 4736 1266 4808 quidem
1277 4734 1387 4794 multas
1402 4740 1571 4797 sanctorum
1587 4734 1809 4811 noviantum

102 4833 171 4879 cons
187 4833 194 4873 :
210 4821 323 4877 Primos
337 4821 368 4876 in
393 4820 473 4877 ittam
498 4821 618 4893 lapidem
644 4823 736 4877 ruittot
758 4825 850 4892 (loon.
867 4840 926 4892 vrri,
981 4824 1043 4881 suis
1054 4824 1230 4897 conjugibus
1242 4830 1271 4881 ct
1283 4825 1365 4900 prius
1375 4824 1671 4887 continentemvttara
1678 4824 1807 4897 dulim.

102 4909 141 4979 7).
159 4907 188 4967 Si
203 4925 270 4966 reru
285 4926 302 4967 a
316 4926 348 4966 se
370 4909 578 4977 examinatam,
594 4914 623 4965 ct
651 4915 795 4984 repertam
823 4911 927 4985 culpa·
981 4904 1247 4986 ctpostiucdumad
1258 4920 1365 4971 sauctae
1381 4914 1516 4971 Ecclesie
1526 4910 1808 4991 mgiminamigru·

100 4995 189 5058 bitem
205 4998 334 5075 episcopi
349 4998 522 5057 tradiderint
544 4999 734 5074 puniendam,
751 5005 852 5058 cantra
866 5002 926 5074 pic·
981 4999 1809 5065 sscuobusenimmocissancavtrtctiamaticitisabrti

98 5089 189 5147 tatem
198 5087 438 5155 ecclesiasticam,
449 5092 479 5144 et
489 5087 586 5163 ipsum
598 5089 732 5147 Ecclesia
748 5094 845 5162 caput,
863 5091 926 5146 scn-
981 5107 1049 5147 nere
1059 5090 1170 5147 scient:
1183 5091 1340 5165 aliquando
1353 5097 1384 5149 ut
1398 5092 1536 5151 meritum
1550 5090 1609 5153 ribi
1622 5092 1706 5167 aput
1716 5088 1809 5159 cm&

98 5180 158 5234 tem
168 5175 437 5250 videlicetpietatis,
448 5193 532 5251 agere
543 5178 755 5252 probabuntur,
768 5178 818 5251 qui
829 5179 924 5236 dixit:
980 5184 1128 5255 potentem
1144 5180 1237 5238 licum
1251 5186 1388 5257 augeant,
1404 5181 1565 5255 aliquando
1587 5197 1658 5241 vom
1684 5184 1720 5241 nt
1739 5184 1808 5247 anit

97 5265 152 5323 Nec
164 5281 211 5337 epo
224 5271 253 5324 tc
266 5265 458 5334 condemnabo,
475 5265 542 5325 trade
555 5276 582 5324 et
593 5268 713 5340 evoptius
736 5270 796 5324 noti
816 5285 927 5341 peteme
979 5274 1049 5326 acte
1060 5270 1124 5325 vite
1140 5269 1242 5343 culpas
1256 5269 1417 5345 detergant.
1432 5270 1558 5331 Proinde
1571 5286 1641 5335 cum
1656 5270 1730 5335 boni
1743 5286 1810 5337 oca·

98 5353 191 5429 (loon.
208 5371 268 5424 vm,
284 5355 339 5423 11).
355 5355 406 5415 llis
434 5356 475 5413 itu
499 5357 648 5415 evidenter
674 5357 811 5431 cognitis,
827 5362 857 5414 et
878 5359 925 5414 di·
975 5359 1073 5433 juges,
1090 5364 1142 5415 aut
1169 5360 1309 5417 meritum
1335 5376 1442 5433 angero
1469 5360 1811 5432 desiderantissimis

97 5440 291 5517 ligentissime
305 5445 486 5521 panderatls,
503 5447 539 5503 de
564 5447 600 5506 ad
623 5446 757 5502 bcclcsin
785 5447 924 5519 pictatem
979 5453 1049 5502 acta
1065 5447 1129 5504 vitu
1154 5446 1256 5521 culpas
1281 5447 1387 5519 delere,
1406 5454 1438 5507 ot
1465 5464 1497 5507 sc
1526 5449 1564 5509 ad
1593 5449 1813 5517 continuatim

98 5530 335 5609 confugientibus
348 5534 563 5613 ‚aocmritatsm
590 5535 736 5610 majorum
764 5552 925 5612 mquamur
977 5536 1153 5615 astringant,
1169 5542 1199 5597 et
1222 5537 1373 5599 meliorem
1395 5538 1487 5601 vitam
1510 5541 1666 5617 appetat,
1679 5538 1766 5605 lieet.
1782 5539 1814 5601 Si
