3824 6096
117 263 176 323 997
414 324 419 331 ,
490 262 541 322 ΑΙ)
564 259 765 322 pitecusas
787 259 838 320 DE
860 259 1139 323 lNS'l'l'l'U'l'lthl]
1161 263 1451 327 assandunam.

1747 256 1820 333 ι998

117 412 295 471 quocunque
310 393 410 450 ardiae
432 398 533 449 contra
554 392 633 466 leges
648 393 761 449 divinas
777 392 844 449 licet
858 409 943 466 agere
957 400 984 464 Α
998 411 1085 468 onera
1114 395 1211 467 ipsum
1232 395 1321 452 veluti
1344 399 1490 456 fortiorem
1518 401 1662 459 solidavit.
1694 405 1822 464 Pusillus

95 507 101 513 ·
117 503 171 559 per
184 489 396 555 contemptum.
414 483 495 538 Unde
519 482 645 554 principi
671 487 753 538 terra
769 498 945 554 magnopore
998 485 1076 540 caim
1094 484 1149 540 nisi
1166 485 1238 540 bene
1254 486 1326 540 lorte
1341 486 1485 556 firmetur,
1500 495 1529 545 et
1541 491 1627 547 alicui
1644 494 1754 550 fortiori
1770 497 1821 552 ad·

118 573 331 648 providendam
347 577 434 643 atquc
458 573 619 626 cavendum
636 576 691 641 cist,
709 588 744 625 nc
761 571 789 625 in
805 570 851 625 liis
868 572 944 625 Deras
998 572 1116 637 licerent,
1129 589 1215 629 nrunc
1226 575 1302 645 «paud
1315 575 1342 628 in
1355 594 1388 630 ec
1400 578 1506 647 pendet
1518 579 1574 635 cito
1584 580 1703 651 labitur,
1715 588 1744 640 et
1759 585 1822 658 ipse

116 663 292 729 otl'endatur,
308 677 360 733 per
382 677 456 731 quos
479 659 579 731 religio
599 659 764 715 Christiana
786 659 946 715 consistere
999 658 1114 716 solatus
1130 680 1146 715 a
1162 662 1255 735 rigore
1279 680 1338 718 srva
1369 664 1526 735 firmitatis,
1543 668 1610 723 'crim
1633 673 1771 729 oneribus
1782 672 1821 731 'ad

96 763 99 769 ’
116 753 213 816 debet,
225 755 254 806 ct
263 749 358 806 crateri
379 749 415 802 ab
430 748 589 803 attonsione
606 748 722 803 salvari.
735 749 769 803 llt
784 748 858 816 idco,
876 748 946 819 qaia

116 858 165 898 res
174 837 387 896 ecclesiasticas
397 837 494 892 divino
501 836 613 908 judicio
625 837 784 892 tuendaset
794 836 947 892 delcnsan·

116 931 172 986 das
187 927 326 999 suscepit,
343 942 488 981 consensu
504 927 579 996 ojus,
595 925 735 981 electione
750 924 818 981 cleri
836 942 869 980 ac
885 923 944 996 ple·

117 1019 176 1087 bis,
192 1021 221 1073 et
234 1015 445 1089 approbatione
460 1015 663 1087 episcoporum
684 1014 848 1087 provincia,
865 1013 945 1085 quis·

117 1122 178 1182 que
193 1107 229 1162 ad
244 1102 478 1161 ecclesiasticum
495 1103 625 1175 regimen
641 1103 751 1174 absque
767 1101 828 1157 ulla
843 1100 947 1157 venali·

117 1201 180 1251 tate
191 1192 308 1267 provebi
319 1192 406 1247 debet
417 1208 423 1245 z
436 1191 515 1263 qaia,
527 1192 605 1245 sicut
620 1190 762 1246 Dominus
778 1191 806 1245 in
818 1190 946 1259 Evarrge-

116 1283 159 1340 lio
173 1283 243 1339 dicit
260 1298 266 1337 :
284 1281 338 1349 Qui
351 1296 407 1336 non
423 1282 509 1335 intrat
522 1296 572 1351 per
586 1282 685 1335 ostium
702 1281 729 1334 tn
745 1281 816 1334 ovile
843 1280 945 1345 ovium,

115 1374 166 1430 sed
180 1371 302 1428 ascendit
314 1369 442 1435 aliunde,
458 1370 506 1424 ille
519 1373 568 1440 [ur
584 1377 623 1424 est
636 1377 663 1424 et
676 1369 745 1424 tetro
758 1370 846 1436 (loun.
862 1384 890 1434 x,
909 1367 945 1437 1).

116 1458 330 1518 Ecclesiasticis
341 1457 451 1530 regalis
463 1458 526 1513 sine
534 1457 706 1513 difficultate
717 1455 947 1513 onruimodisdo·

1000 755 1107 804 terram
1118 750 1272 808 delabitur.
1285 752 1332 808 Sic
1347 759 1375 809 et
1389 754 1525 827 princeps
1539 756 1595 811 nisi
1612 775 1665 814 suo
1680 763 1822 819 conditori

1000 838 1187 910 pertinaciter
1202 840 1366 909 adbaeserit,
1379 848 1407 898 ot
1418 844 1491 916 ipse,
1502 851 1530 899 ot
1545 862 1630 902 omne
1646 850 1723 920 quod
1736 852 1825 906 conti·

1001 931 1059 995 net,
1071 927 1129 982 cito
1140 929 1261 1000 depcrit.
1276 952 1289 978 r
1301 930 1429 999 Etesiae,
1442 932 1520 1004 quod
1531 933 1607 990 sicut
1619 935 1648 990 ia
1658 937 1824 1011 principatu

1000 1014 1154 1071 hominum
1171 1018 1284 1089 primas
1308 1019 1487 1076 constitutus
1508 1025 1561 1089 cst,
1578 1023 1618 1079 ita
1634 1040 1825 1100 quoscunque

1000 1110 1167 1176 peccatores
1178 1106 1233 1162 sab
1245 1123 1276 1162 se
1287 1106 1316 1162 iu
1331 1109 1466 1180 prasenti
1483 1109 1597 1178 habuit,
1611 1112 1667 1168 nisi
1678 1131 1710 1169 se
1720 1118 1749 1170 et
1759 1114 1826 1173 illos

1000 1194 1263 1267 uor1·cnerit,supra
1277 1212 1308 1251 se
1324 1197 1410 1252 modo
1425 1197 1603 1270 implacabili
1616 1200 1646 1257 in
1663 1202 1712 1259 ills
1728 1204 1827 1261 lutura

1001 1298 1088 1353 poena
1103 1282 1230 1339 babebit.

1037 1370 1105 1425 Gne.
1117 1371 1163 1425 xl.
1177 1372 1207 1427 ln
1224 1374 1393 1429 memoratis
1409 1392 1536 1448 namque
1549 1378 1640 1448 gestis
1655 1381 1733 1453 apud
1749 1399 1826 1439 mar·

1001 1458 1110 1530 tyriam
1140 1466 1247 1516 sancta
1277 1463 1390 1529 Macra,
1406 1469 1435 1518 et
1449 1465 1485 1519 de
1500 1465 1547 1521 bis
1570 1484 1634 1539 que
1659 1469 1695 1524 ad
1719 1477 1826 1527 saneta

118 1551 172 1607 bet
185 1550 291 1616 lavere,
306 1547 331 1602 si
347 1564 405 1603 non
421 1547 484 1602 vult
499 1548 607 1619 llogem
622 1563 724 1620 regum
741 1547 896 1603 attendero.
913 1545 948 1600 ut
1001 1547 1135 1604 Ecclesia
1151 1566 1183 1604 ac
1200 1554 1344 1606 rectorum
1369 1552 1462 1625 ipsius
1489 1554 1629 1611 honorem
1645 1562 1673 1613 et
1687 1559 1826 1632 vigorem,

103 1640 199 1696 sieut
213 1636 342 1710 episcopi
359 1653 392 1691 ac
408 1653 457 1691 ren
483 1636 634 1708 providere
658 1637 776 1701 debent,
792 1639 825 1690 at
836 1632 948 1689 nullius
1002 1637 1080 1692 etde
1095 1637 1140 1693 bis
1154 1655 1218 1710 qua
1235 1640 1270 1694 ad
1286 1641 1361 1713 regis
1376 1645 1405 1697 et
1429 1643 1510 1714 rcgni
1540 1643 1717 1702 soliditatem
1740 1653 1828 1721 atque

118 1725 280 1784 retiatuitu
295 1724 421 1798 eligatur
436 1725 618 1797 episcopum,
630 1724 685 1779 uisi
698 1724 748 1780 Dei
759 1722 893 1791 solias,id
903 1723 948 1776 est
1001 1742 1102 1781 caram
1119 1727 1277 1798 portinent,
1290 1745 1403 1786 necnon
1419 1731 1496 1787 etde
1511 1733 1617 1789 domus
1632 1735 1717 1807 regia
1732 1736 1829 1810 dispo·

119 1834 182 1873 non
207 1832 258 1888 pro
283 1814 381 1887 aliquo
408 1830 529 1870 munere
559 1813 697 1879 dationis,
714 1829 769 1869 noc
782 1830 834 1885 pro
849 1811 948 1883 aliquo
963 1783 987 1848 B
1003 1814 1373 1883 sitione,excatbolicorum
1385 1821 1547 1876 secandum
1559 1824 1829 1898 sanctarumScrip

118 1905 263 1978 obsequio
278 1904 469 1974 humano,vel
483 1904 700 1976 propinquitate
715 1901 950 1975 consanguinito-
1003 1908 1136 1959 turarum
1146 1906 1293 1962 tramitem
1305 1907 1694 1984 promulgationibus,atque
1705 1913 1829 1970 exChri-

119 1997 173 2064 tie,
185 2012 237 2052 seu
257 1993 396 2064 amicitia,
412 1992 456 2048 vel
472 1993 588 2048 servitio
604 1991 768 2065 temporali,
786 1996 837 2048 aut
851 1990 950 2062 aliqua
1004 1994 1165 2050 stianoram
1176 2011 1278 2068 regum
1290 1998 1559 2066 constitutionibus,
1571 2001 1830 2075 percepitulabffl.

119 2085 287 2151 occasione,
303 2100 367 2155 qua
394 2082 540 2138 contrario
560 2098 624 2138 esse
648 2081 740 2154 possit
757 2081 881 2149 veritati,
899 2083 950 2133 aut
1003 2081 1077 2138 viter
1091 2099 1124 2138 ac
1138 2083 1305 2152 salubriter,
1316 2087 1339 2141 si
1353 2092 1508 2145 teneantur
1522 2093 1551 2146 et
1564 2092 1830 2163 exsequanturcol·

120 2176 229 2231 divinae
244 2171 409 2229 auctoritati
424 2188 431 2226 :
449 2171 491 2227 ita
518 2187 567 2226 rcx
591 2172 738 2227 custodire
763 2171 857 2237 dehet,
874 2170 951 2224 sicut
1005 2169 1078 2226 lecta
1093 2173 1290 2229 continentur.
1306 2173 1515 2233 Verumtamen
1531 2179 1601 2251 qaia
1614 2180 1828 2251 Samaritanus,

120 2268 247 2321 sanctus
261 2261 445 2334 Augustinus
459 2261 642 2316 demonstrat
656 2260 699 2328 (de
710 2261 793 2317 Ciuit.
806 2260 855 2314 Dei
863 2258 949 2325 libv,
1004 2276 1090 2315 voras
1104 2260 1239 2316 videlicet
1253 2268 1352 2319 custos
1368 2263 1490 2320 humaui
1516 2267 1642 2340 generis,
1659 2268 1828 2339 stabulario,

120 2372 147 2412 c.
160 2355 216 2423 24),
228 2369 263 2407 ne
278 2350 461 2417 muneribus,
477 2349 521 2404 vel
537 2348 687 2404 blanditiis
703 2350 879 2420 cujusquam
889 2363 951 2401 sce·
1005 2348 1033 2403 id
1056 2353 1100 2404 est
1124 2350 1283 2420 pontificali
1308 2351 1413 2418 ordini,
1431 2354 1516 2423 cujas
1545 2372 1620 2411 carae
1646 2357 1830 2415 vulneratum

123 2443 212 2499 lerati
228 2440 402 2514 pelliciatur,
419 2443 448 2493 et
463 2438 681 2494 adulationibus
698 2437 881 2509 decipiatur:
898 2451 951 2490 nee
1007 2454 1152 2509 quemque
1162 2440 1350 2496 commiserat
1360 2441 1395 2496 ad
1405 2443 1735 2510 sanandum,damduos
1745 2448 1832 2503 dens-

123 2533 353 2607 quibuscunque
368 2526 596 2600 propinquitatis
613 2526 953 2582 necessitudinibascon·
1006 2526 1075 2593 rios,
1090 2526 1180 2581 Vetus
1196 2527 1307 2583 scilicet
1322 2546 1355 2584 ac
1370 2530 1482 2586 Novum
1498 2532 1829 2608 Testamentumdixit:

120 2622 247 2696 junctis,
263 2621 364 2674 contra
378 2618 470 2673 Deum
487 2622 677 2688 sanctamque
693 2615 852 2672 Ecclesiam
865 2620 952 2686 atque
1008 2615 1087 2685 Quod
1101 2619 1346 2685 arrpicreropareris,
1363 2633 1411 2685 epo
1439 2636 1501 2674 rum
1522 2621 1627 2677 rediero
1650 2624 1760 2680 reddam
1780 2627 1832 2681 titi

111 2709 341 2783 rempublicam
370 2722 503 2778 perverse
532 2706 697 2778 agentibus,
714 2706 819 2760 allecta
844 2703 953 2759 carnali
1007 2705 1084 2770 (Luc.
1102 2719 1129 2769 x,
1145 2703 1200 2771 35),
1217 2703 1327 2758 eisdem
1354 2703 1549 2775 gestis,velut
1577 2724 1611 2762 es
1638 2726 1830 2784 supereroga-

107 2818 110 2823 ·
127 2803 242 2876 parcat,
254 2798 367 2853 dicente
381 2795 432 2852 Dei
448 2796 552 2867 spiritu
569 2811 621 2868 per
642 2794 730 2850 David
755 2793 926 2866 prophetam
945 2810 951 2848 :
1008 2790 1095 2855 tione,
1113 2807 1177 2862 qua
1192 2790 1344 2863 premissa
1357 2797 1428 2848 sunt
1443 2793 1472 2848 in
1487 2792 1542 2850 hoc
1557 2796 1709 2868 opusculo,
1725 2802 1754 2855 et
1768 2816 1832 2872 qun

127 2893 225 2948 Nonne
239 2904 282 2945 eos
297 2888 346 2960 qui
355 2885 469 2941 oderunt
483 2894 517 2951 te,
529 2884 609 2949 Deus,
625 2884 744 2950 oderam,
760 2891 785 2939 et
799 2899 882 2956 super
895 2885 953 2938 ini·
1009 2883 1179 2951 sequentur,
1195 2880 1320 2952 adjicere
1334 2882 1448 2937 studeo.

126 2983 215 3036 inicos
231 2986 289 3033 tuos
304 2974 627 3044 tabescebamtl'ersccto
655 2973 716 3028 odio
745 2972 854 3028 aeram
882 2973 954 3039 illos,
1044 2968 1111 3024 Cno.
1126 2968 1396 3026 Xll.Adalbardum
1408 2987 1508 3026 senem
1519 2976 1548 3028 et
1559 2972 1721 3045 sapientem
1732 2978 1832 3034 domni

115 3069 243 3126 'inimici
255 3067 322 3137 sacti
343 3070 407 3119 aaut
428 3062 499 3117 milii
512 3062 597 3130 (Paul.
614 3077 745 3128 mxxviii,
762 3063 807 3128 21,
823 3064 879 3129 22).
897 3062 956 3116 lai·
1009 3056 1101 3112 Caroli
1115 3058 1212 3130 magni
1229 3057 1413 3130 imperatoris
1427 3061 1635 3133 pmpinquum,
1648 3068 1676 3120 et
1691 3070 1833 3123 monaste·

128 3158 224 3214 mices
239 3156 317 3211 enim
334 3153 385 3208 Dei
409 3153 536 3225 perlecto
560 3149 626 3205 odio
642 3150 739 3206 odisse
754 3155 808 3218 cst,
825 3151 861 3206 ad
877 3152 954 3222 quod
971 3149 992 3216 C
1011 3147 1044 3201 rii
1061 3146 1185 3201 corbeia
1201 3147 1347 3214 abbatom,
1363 3147 1439 3204 inter
1454 3148 1565 3221 primos
1580 3151 1763 3210 consiliarios
1774 3155 1832 3227 pri-

129 3245 201 3305 lacti
212 3242 462 3314 suntdiligere,ct
473 3241 550 3311 quod
562 3238 843 3311 l'aciantincrepare,
860 3256 956 3296 moros
1010 3254 1092 3292 mum
1109 3236 1138 3291 in
1154 3234 1351 3291 adolescentia
1375 3254 1440 3292 mea
1461 3237 1528 3294 vidi.
1546 3240 1636 3312 Cujus
1651 3239 1781 3298 libellam
1797 3244 1834 3301 de

128 3349 287 3410 pravorum
302 3347 443 3405 premere,
460 3329 524 3383 vitre
540 3329 688 3400 prodesse.
1011 3325 1112 3381 ordino
1131 3324 1232 3397 palatii
1248 3324 1304 3396 legi
1320 3329 1349 3380 et
1362 3325 1478 3398 scripsi,
1494 3328 1523 3382 in
1546 3345 1603 3401 quo
1632 3330 1709 3386 inter
1731 3337 1835 3389 catera

166 3425 236 3480 Car.
247 3422 280 3478 X.
292 3419 476 3477 Tolosatium
493 3418 713 3473 cornitesetsub
725 3434 756 3472 se
767 3417 957 3488 jadicescon·
1011 3416 1177 3480 continetur
1191 3415 1307 3470 duabus
1322 3415 1524 3488 principaliter
1537 3417 1729 3476 divisionibus
1745 3421 1834 3477 totius

127 3515 254 3570 stituere
268 3511 365 3577 debet,
381 3509 432 3581 qui
455 3507 607 3562 avaritiam
629 3506 752 3575 oderint,
768 3512 796 3562 et
807 3508 956 3579 justitiam
1011 3503 1091 3577 regni
1104 3507 1214 3559 statum
1226 3507 1368 3570 constare,
1380 3504 1543 3577 anteposito
1558 3524 1674 3581 semper
1688 3511 1835 3583 elabique

128 3602 266 3676 diligant,
278 3604 306 3656 et
316 3599 371 3655 sub
382 3598 436 3653 bac
452 3596 619 3653 conditione
630 3612 714 3650 suam
730 3596 957 3653 administratio
1010 3593 1220 3664 omnipotentis
1231 3593 1280 3647 Dei
1289 3592 1411 3664 judicio.
1425 3593 1550 3649 Primam
1566 3594 1699 3653 videlicet
1714 3597 1834 3654 divisio-

128 3708 198 3748 nem
215 3693 366 3763 peragant,
383 3691 412 3743 ct
426 3687 482 3741 sub
497 3701 529 3740 se
553 3684 723 3754 hujusmodi
749 3684 956 3741 ministeriales
1010 3699 1077 3738 uem
1093 3699 1157 3738 esse
1172 3682 1353 3754 dicensque
1368 3682 1486 3738 assidue
1501 3689 1529 3738 et
1543 3684 1743 3742 indeficienter
1758 3688 1835 3761 regis

129 3779 322 3836 substituant.
335 3800 348 3827 a
360 3776 395 3831 m
410 3773 578 3847 quicunque
594 3772 624 3827 in
640 3772 719 3827 omni
735 3773 835 3829 ordine
850 3780 879 3829 ct
894 3792 958 3848 pro·
1010 3770 1152 3843 palatium
1169 3771 1324 3842 regebatur
1343 3775 1372 3826 et
1393 3771 1602 3839 ordinabatar3
1620 3775 1741 3831 alteram
1756 3794 1833 3844 vero,

129 3866 258 3923 sessione
280 3865 309 3919 in
331 3861 528 3920 dominatione
556 3859 786 3932 coristituuntur,
802 3867 830 3916 ct
844 3863 956 3918 (lamini
1011 3878 1068 3933 qua
1079 3850 1169 3915 totius
1185 3860 1265 3932 regni
1282 3864 1376 3916 statas
1391 3862 1553 3917 secundum
1565 3880 1648 3919 suam
1664 3863 1836 3936 qualitatem

129 3954 326 4030 appellantur,
339 3952 416 4008 sicut
430 3955 550 4007 sanctus
566 3949 728 4021 Cyprianus
739 3951 768 4004 in
780 3955 860 4006 sesto
874 3952 954 4006 Aba·
1010 3948 1226 4005 studiosissime
1242 3948 1419 4020 providendo
1435 3951 1614 4009 servabatur.

131 4043 223 4100 sionis
234 4042 326 4115 gradu
343 4041 525 4096 demonstrat
535 4041 605 4111 (cup.
618 4039 656 4106 u),
673 4038 882 4094 dominationis
897 4039 956 4094 vir-
1045 4038 1113 4092 Gna.
1125 4036 1237 4092 lllllln
1247 4035 1342 4108 prima
1351 4036 1442 4109 igitar
1456 4039 1657 4111 dispositione,
1667 4042 1744 4114 regis
1755 4044 1835 4115 pala-

131 4139 224 4190 tutem
235 4136 352 4188 auctore
363 4133 586 4200 etcooperatoro
604 4126 725 4182 bonrino
737 4131 854 4183 teneant
867 4145 873 4184 :
886 4130 957 4200 quia
1011 4126 1085 4181 tium
1101 4126 1130 4179 in
1147 4128 1318 4180 ornamento
1346 4125 1438 4180 totius
1466 4126 1567 4197 palatii
1596 4128 1638 4183 its
1666 4129 1835 4189 ordinatum

130 4223 204 4279 nihil
221 4221 336 4294 prolicit
350 4217 522 4274 dominandi
538 4217 644 4272 babere
664 4220 848 4288 potestatem,
865 4219 890 4273 si
906 4219 956 4274 do·
1011 4219 1084 4271 erat.
1099 4214 1268 4285 Anteposito
1287 4229 1356 4286 ergo
1373 4229 1440 4285 rege
1460 4218 1489 4268 et
1503 4214 1613 4287 regina,
1630 4233 1697 4272 cum
1713 4216 1836 4273 nobilis-

130 4313 232 4368 minas
243 4311 306 4383 ipse
316 4325 374 4365 non
394 4307 502 4363 habeat
512 4310 540 4363 et
554 4306 670 4362 virtutis
686 4306 823 4377 rigorem.
840 4308 894 4364 Sed
910 4309 957 4365 hic
1012 4305 1087 4360 sima
1097 4302 1177 4376 prole
1185 4319 1252 4382 sua,
1265 4306 1325 4358 tarn
1342 4303 1371 4358 in
1388 4302 1580 4375 spiritalibus,
1593 4320 1683 4376 quam
1697 4309 1726 4361 et
1739 4304 1769 4360 in
1786 4322 1836 4362 sae·

129 4398 249 4455 virtutis
264 4397 343 4470 rigor
355 4414 412 4452 uon
427 4400 489 4451 tarn
508 4394 642 4450 exteriori
658 4395 837 4463 tortitudine,
854 4413 917 4469 qua
930 4400 965 4455 et
1011 4392 1171 4459 calaribas,
1188 4397 1274 4463 etque
1289 4392 1489 4465 corporalibus
1504 4392 1604 4460 rebus,
1613 4410 1664 4466 per
1678 4394 1733 4452 bos
1748 4395 1835 4451 mini-

129 4487 195 4561 ipsa
210 4485 401 4543 sacularibus
427 4483 554 4540 dominis
579 4484 744 4540 necessaria
763 4490 818 4553 est,
834 4485 956 4560 indiget,
973 4514 996 4579 D
1012 4489 1089 4538 stros
1116 4482 1197 4537 omni
1224 4486 1352 4553 tempore
1381 4481 1609 4553 gubernabatur.
1625 4475 1766 4539 Videlicet
1785 4500 1837 4557 per

130 4591 221 4648 quam
246 4574 338 4631 animi
363 4572 493 4629 interiori
523 4571 704 4639 fortitudine,
719 4573 803 4629 bonis
825 4576 956 4633 moribus
1012 4570 1244 4644 apocrisiarium,
1262 4569 1290 4624 id
1306 4574 1350 4625 est
1365 4569 1564 4642 responsalem
1586 4571 1772 4645 negotiorum
1787 4589 1836 4628 ec-

129 4662 258 4720 exerceri
273 4662 475 4734 debettsoepe
504 4660 582 4716 enim
605 4659 776 4717 dominandi
796 4678 847 4734 per
867 4663 957 4720 animi
1012 4660 1265 4716 closiesticcram:
1294 4658 1592 4730 cujusministerium
1609 4666 1837 4734 exeotempora

130 4750 490 4829 negligentiamperditur
505 4749 727 4805 lortitad0.Tria
741 4767 809 4823 ergo
823 4768 956 4808 necessa·
1013 4747 1141 4819 sumpsit
1159 4747 1320 4814 exordium,
1338 4749 1455 4819 quando
1478 4748 1688 4807 Constantinus
1711 4766 1837 4824 magnus

130 4838 515 4914 rishosquidominaotur
543 4838 649 4894 babere
679 4843 802 4910 oportet,
819 4844 957 4897 terrorem
1013 4835 1516 4909 imperaturChristianasellectus‚
1534 4843 1837 4911 propteramoremet

130 4929 253 4998 scilicet,
277 4934 305 4985 et
329 4928 554 4994 ordinationem,
578 4931 607 4982 et
636 4944 776 4984 amorem.
793 4928 854 4984 Nisi
877 4931 956 4986 enirn
1011 4928 1151 4983 honorem
1179 4929 1349 4980 sanctorum
1378 4927 1577 4998 apostolorum
1597 4928 1674 4985 Petri
1696 4932 1724 4984 et
1743 4927 1834 4997 Pauli,

131 5024 248 5075 ametur
262 5018 402 5075 dominus
417 5017 527 5090 pariter
540 5019 569 5071 et
584 5019 890 5083 metuatur‚ordinatio
907 5020 957 5075 nri·
1012 5032 1136 5089 quorum
1161 5013 1293 5069 doctrina
1309 5031 1342 5069 ac
1358 5015 1522 5073 ministerio
1535 5017 1571 5072 ad
1588 5017 1694 5072 Christi
1711 5016 1836 5089 gratiam

130 5108 211 5164 nime
236 5112 372 5164 constare
396 5106 477 5162 illius
506 5109 610 5178 potest.
626 5106 679 5160 Per
692 5105 833 5161 beneficia
847 5125 915 5182 ergo
930 5113 959 5165 et
1011 5104 1199 5176 baptismatis
1223 5104 1398 5159 sacramenti
1424 5106 1564 5178 pervenit,
1581 5105 1677 5161 locam
1693 5108 1721 5159 et
1736 5102 1835 5159 sedem

129 5197 333 5253 affabilitatem
362 5199 498 5268 procuret
521 5199 554 5249 ut
577 5193 725 5266 diligatur,
743 5199 771 5249 et
791 5212 842 5266 per
860 5198 958 5268 justas
1012 5211 1107 5261 suam,
1125 5192 1226 5248 arbem
1244 5191 1355 5248 seilicet
1370 5194 1542 5262 Romanam,
1560 5211 1641 5266 pape
1657 5191 1795 5249 Silvestre
1806 5209 1835 5248 e·

127 5285 286 5354 vindictas,
312 5303 371 5342 non
391 5284 514 5358 propria
529 5282 644 5354 injuria
659 5285 709 5339 sed
727 5284 800 5356 legis
815 5285 875 5353 Dei,
893 5291 959 5342 stu·
1013 5280 1835 5354 dictoprivilegiitradidit‚etsedemsaamincivitatesua‚

129 5374 197 5431 deat
211 5378 246 5431 ut
261 5379 420 5431 metuatur.
438 5373 593 5445 Propterea
619 5387 746 5443 qaoque,
771 5371 842 5426 dam
874 5373 959 5428 multi
1013 5389 1076 5444 quac
1093 5377 1178 5425 antea
1193 5370 1364 5442 Bysantiam
1380 5373 1548 5437 vocabatur,
1564 5369 1693 5426 nominis
1706 5369 1751 5426 sui
1767 5369 1836 5425 civi·

126 5463 259 5536 pendeat
274 5464 304 5520 iu
319 5480 364 5535 eo,
380 5463 443 5536 ipse
459 5461 518 5516 Deo
533 5460 680 5516 adherere
694 5460 790 5529 debet,
808 5462 858 5533 qai
874 5461 958 5520 illum
1013 5463 1102 5514 tatem
1118 5458 1285 5530 ampliando
1300 5460 1453 5516 editicavit
1463 5477 1469 5514 :
1481 5463 1510 5515 et
1522 5460 1565 5515 sie
1580 5456 1765 5532 responsales
1775 5461 1836 5517 tam

125 5569 159 5641 ps
172 5553 318 5615 ducatum
333 5550 496 5622 coustituit,
513 5549 564 5629 qai
580 5551 616 5609 ad
638 5551 782 5625 portanda
796 5550 958 5613 multorum
1013 5549 1149 5640 Romans
1168 5549 1256 5620 sedis,
1273 5566 1363 5626 qaam
1378 5552 1406 5608 et
1421 5547 1545 5610 aliarum
1560 5548 1773 5628 praecipuarum
1788 5548 1837 5612 aa&
