3810 6098
115 310 173 373 363
581 303 773 365 HINCMth
798 300 1022 361 RHDMDNSIS
1046 300 1357 362 ARCHlEPlSCDPl.

28 463 32 471 ·
116 440 210 514 plebis
225 457 285 496 suae
301 456 396 496 mores
419 436 553 503 excoluit,
569 435 653 508 quasi
679 452 729 507 per
747 434 895 507 operarios
910 433 939 488 in
953 435 981 499 Α
995 434 1081 502 (uon.
1097 450 1125 499 v,
1144 433 1197 500 19).
1213 434 1248 489 Dt
1262 435 1332 490 item
1349 451 1355 489 :
1374 434 1405 490 Ut
1427 435 1465 490 sit
1487 436 1544 505 ipse
1567 435 1674 506 primep

116 530 205 585 einero
216 529 331 585 cultura
342 525 636 591 laboraritouomvis
648 525 676 578 in
686 523 816 596 quolibet
826 520 944 576 modulo
998 523 1095 576 sumtis
1109 524 1241 592 frattribus
1255 526 1342 592 (Rom.
1354 541 1416 590 viii,
1426 523 1482 592 29).
1498 524 1533 578 Et
1546 523 1617 579 item
1630 541 1637 580 :
1650 527 1674 598 Q

116 617 159 674 vel
176 635 324 685 mensura,
347 617 423 674 298
440 615 575 688 quisquis
591 631 657 670 cum
679 613 737 668 lide
761 617 839 668 reeta
862 613 943 667 heure
997 613 1068 680 filios
1091 614 1120 666 in
1143 613 1260 681 plurium
1283 612 1539 681 midueerat(llebr.
1554 631 1584 679 n,
1603 615 1659 684 10).

117 707 241 763 actionis
264 706 384 773 exstitit,
398 706 489 777 hujus
513 705 602 759 vinem
627 702 778 774 operarius
802 702 866 756 luit.
881 725 893 749 a
909 702 945 755 111
998 700 1121 756 Christus
1135 703 1217 756 seruet
1230 719 1327 772 passus
1351 701 1438 757 estred
1461 703 1611 757 irruiturum
1634 719 1674 758 aei

115 797 188 852 item
206 813 212 852 :
232 797 343 853 Vineam
366 797 518 867 pastinavit
544 794 632 860 honio,
645 801 671 847 et
697 790 873 847 eireunutedit
901 806 942 845 se·
994 798 1102 860 perarata
1127 790 1278 859 (lletr.1x,
1298 793 1354 858 28).
1376 791 1410 845 Et
1437 792 1507 846 item
1538 807 1544 846 ε
1573 792 1674 849 carim

114 903 187 958 pene,
202 893 228 942 et
245 885 315 956 fodit
331 886 430 951 laesere,
445 892 472 940 et
490 882 637 953 aedificarit
656 882 766 945 turrim,
782 887 807 934 et
820 881 897 934 misit
909 878 945 934 ad
997 879 1154 947 decesisse,
1171 888 1197 935 et
1209 881 1329 951 seipsum
1352 879 1466 935 tradidit
1477 897 1528 951 pro
1546 898 1578 935 ee
1597 880 1674 953 (Eplu

116 975 250 1046 aprieohrs
265 975 294 1030 ia
310 982 427 1046 tempore
441 989 559 1035 seruum,
571 979 600 1026 ut
621 971 654 1025 alr
670 970 799 1040 apricolis
812 972 945 1042 arriperet
999 966 1052 1023 Sed
1075 972 1103 1023 et
1127 968 1291 1033 Mattheus,
1308 972 1336 1023 et
1360 969 1485 1036 Marcus,
1501 974 1529 1024 et
1555 970 1659 1038 Lusus,

117 1063 150 1120 de
162 1065 256 1135 fructu
267 1065 353 1119 uineae
363 1061 454 1135 (idere
466 1079 516 1127 nn,
531 1061 568 1132 1),
579 1057 740 1129 etreliqua.
753 1057 835 1115 Unde
847 1061 942 1118 Dede:
997 1073 1049 1129 pro
1065 1058 1213 1125 omnibus,
1229 1058 1279 1113 sed
1295 1074 1347 1130 pro
1364 1056 1465 1113 multis
1480 1063 1508 1113 et
1524 1075 1575 1130 pro
1590 1059 1674 1117 vobis

118 1177 131 1202 ι
148 1153 224 1210 Βειιε
248 1157 364 1224 tempus
389 1153 537 1207 fruetuum
553 1148 661 1220 posuit,
674 1164 733 1203 non
757 1153 941 1221 proventum.
998 1145 1075 1201 208
1090 1161 1195 1217 eorpus
1219 1152 1368 1213 meumst
1392 1147 1558 1203 effundetur
1581 1164 1674 1222 sange

117 1241 222 1298 Nullus
242 1241 320 1296 enim
346 1241 459 1296 lructus
486 1237 596 1293 exstit't
624 1235 724 1309 populi
748 1238 941 1306 contumacis,
997 1234 1099 1290 dieunt
1122 1238 1313 1307 protestatum
1335 1234 1425 1291 luisse
1449 1236 1607 1292 Dominum
1631 1237 1674 1295 se

117 1329 217 1386 nullus
230 1330 317 1402 hujus
328 1328 416 1384 vineas
428 1332 597 1400 proventus,
605 1325 722 1381 tametsi
733 1325 833 1381 crebro
845 1344 877 1381 oc
888 1326 944 1382 sol·
997 1322 1141 1393 quialieet
1150 1340 1200 1394 pro
1210 1325 1348 1379 omnibus
1360 1341 1464 1396 passus
1474 1326 1570 1391 luerit,
1581 1343 1638 1381 non
1646 1343 1674 1383 οι

118 1420 197 1476 licite
212 1423 400 1492 quaereretur,
412 1418 548 1472 inventus
563 1418 617 1470 est.
628 1416 663 1470 nt
676 1414 718 1470 sic
732 1415 768 1470 de
783 1415 888 1487 primo,
901 1432 943 1471 se·
996 1411 1089 1467 sionis
1099 1413 1164 1483 ejus
1175 1414 1312 1485 mysterio
1325 1419 1394 1468 sunt
1406 1414 1563 1485 redempti:
1576 1414 1674 1487 etquis

118 1508 223 1575 cundo,
233 1513 262 1564 et
276 1506 361 1563 tertio
381 1504 541 1578 prestitissis
560 1504 663 1574 serris,
675 1519 768 1574 usque
784 1504 820 1559 od
834 1505 943 1559 adveu—
997 1515 1048 1555 nes
1058 1505 1128 1554 sunt
1143 1500 1296 1572 redempti,
1309 1518 1360 1571 pro
1371 1502 1479 1572 quihus
1490 1508 1535 1558 est
1545 1520 1662 1576 passus,

116 1600 180 1652 tum
205 1595 269 1663 filii,
288 1596 323 1651 de
338 1612 396 1667 quo
420 1594 528 1650 dicitur
544 1610 551 1647 ι
568 1595 644 1648 Forte
665 1593 830 1648 ueratuutur
852 1594 941 1664 fitium
996 1587 1069 1643 lium
1081 1589 1199 1660 respicit
1210 1593 1332 1661 partem,
1343 1607 1400 1645 non
1412 1592 1447 1645 ad
1460 1590 1543 1663 pretii
1556 1596 1674 1663 potesta*

116 1702 207 1742 meum
222 1685 324 1755 (lluttli.
336 1701 392 1750 nni,
405 1684 461 1757 37).
472 1685 553 1750 Quod
569 1683 716 1755 ambigere
732 1682 808 1737 Deus
824 1682 942 1751 dieitur,
996 1677 1117 1750 sanguis
1126 1679 1240 1733 Domini
1251 1678 1343 1734 nostri
1352 1678 1421 1735 Jesu
1430 1679 1534 1735 Christi
1546 1682 1673 1754 pretium

117 1790 175 1828 nou
192 1773 227 1829 de
242 1771 408 1844 ignorantia
423 1770 510 1838 seuit,
523 1771 573 1826 sed
590 1775 622 1826 ut
635 1769 727 1826 libera
742 1769 876 1826 voluntas
890 1770 942 1825 he·
997 1767 1674 1844 mundi.Manil'estum'esteliani,quiajuxtahp

117 1859 189 1916 mini
205 1864 376 1917 reservetur.
393 1861 427 1915 lit
446 1860 525 1915 vonit
545 1858 634 1926 filius,
646 1859 696 1931 qui
716 1858 795 1915 veuit
814 1875 942 1930 quarere
998 1856 1157 1928 Quicunque
1171 1857 1300 1928 baptisati
1314 1874 1408 1913 suerius
1428 1860 1458 1912 iu
1480 1858 1586 1915 Christe
1599 1862 1674 1929 lesu,

117 1954 145 2006 et
160 1950 274 2005 salvum
296 1950 391 2005 secere
404 1949 480 2020 quod
507 1949 641 2020 perierat,
653 1949 753 2003 dicens
769 1964 776 2004 :
795 1949 885 2004 Venite
906 1947 941 2004 ad
992 1947 1084 2017 'ipsius
1099 1946 1229 2017 hrrptiaati
1247 1963 1342 2002 sumus
1353 1946 1437 2017 (Deire.
1450 1965 1488 2015 νι,
1501 1948 1539 2016 3).
1552 1948 1587 2002 ut
1603 1953 1635 2005 ut
1655 1947 1674 2005 it

116 2055 159 2094 nie
173 2054 265 2095 emises
275 2034 322 2111 εει
335 2037 464 2093 laboratis
478 2044 504 2092 et
517 2039 624 2092 onerati
637 2039 710 2104 estis,
721 2044 747 2092 et
759 2052 806 2108 epo
819 2039 942 2108 reficiam
995 2034 1168 2106 Apostolus:
1182 2034 1272 2107 Empti
1284 2053 1379 2091 suasus
1392 2039 1479 2107 pretio
1490 2053 1588 2108 ιιιιιειιο
1600 2038 1623 2110 (1
1636 2037 1673 2095 Co

117 2145 163 2184 ros
179 2128 269 2200 (ibid,
280 2128 345 2199 28):
363 2127 412 2199 qui
430 2143 487 2182 uon
503 2126 581 2181 venit
596 2131 627 2180 ut
647 2125 761 2196 judicet
783 2126 939 2194 mundum,
996 2124 1030 2178 bs
1045 2125 1148 2179 boatus
1164 2125 1267 2180 Petrus
1280 2125 1350 2180 dicit
1366 2141 1372 2181 :
1389 2126 1446 2182 Non
1468 2127 1674 2199 corruptibilius

115 2218 166 2273 scd
179 2220 210 2272 ut
221 2215 488 2272 salveturmundus
500 2213 667 2287 peripsum.
679 2215 713 2269 111
723 2214 941 2287 apprehenden-
993 2221 1103 2284 asperto
1121 2213 1252 2286 redernpti
1278 2217 1342 2269 estis
1356 2215 1389 2270 de
1414 2232 1483 2270 uaria
1506 2224 1595 2271 uestra
1618 2233 1674 2274 cont

115 2310 159 2361 tes
174 2303 268 2361 coloni
282 2304 375 2360 hlium
388 2303 567 2360 oeciderunt.
575 2303 649 2370 Quid
660 2319 728 2376 ergo
744 2303 830 2359 saciet
844 2304 940 2358 domi·
992 2303 1292 2374 paterere-traditionis,
1310 2304 1355 2359 sed
1376 2307 1492 2376 pretioso
1504 2306 1639 2376 s'aupuine
1660 2321 1674 2380 ε

115 2394 270 2451 nusvineoe
282 2392 416 2466 agricolis
426 2392 852 2464 illis‘lrespousumestzlians
869 2393 940 2448 ritate
995 2392 1203 2447 dracontanu'rmte
1224 2400 1249 2447 et
1272 2394 1443 2448 irnnmeuiuti
1466 2395 1528 2461 lesu
1555 2394 1674 2452 tirreni

111 2483 205 2555 perdet
219 2483 310 2556 (itia,
323 2483 367 2551 11)
380 2499 386 2536 :
400 2483 539 2555 quoniam
564 2481 614 2553 qui
635 2498 693 2537 non
710 2481 801 2537 credit
812 2483 874 2553 jam
887 2482 939 2552 ju·
996 2480 1049 2545 18).
1062 2480 1081 2534 li
1110 2463 1207 2537 tamin
1222 2481 1289 2536 licet
1301 2480 1509 2537 Gothescaleus
1524 2481 1674 2553 pertinacis

113 2573 228 2627 dicatus
244 2577 299 2638 est,
313 2572 341 2627 id
358 2577 402 2627 est
414 2572 477 2643 jam
489 2571 647 2626 damnatus
659 2574 714 2636 est,
725 2569 794 2643 quia
808 2587 865 2625 non
881 2587 940 2626 ere·
992 2573 1079 2640 neget
1089 2570 1166 2640 quod
1178 2587 1262 2624 neruo
1273 2569 1381 2625 Christi
1392 2571 1560 2642 redemptus
1571 2571 1674 2644 sangui

115 2661 190 2717 didit
205 2660 234 2716 in
251 2660 369 2717 nomine
385 2659 527 2734 unigeniti
544 2658 608 2715 Filii
628 2658 677 2714 Dei
691 2677 697 2715 ι
710 2658 765 2715 hoc
779 2663 824 2715 est
838 2666 937 2716 autem
992 2657 1096 2729 perire,
1109 2664 1230 2728 pereunt
1240 2659 1361 2730 quidam
1373 2664 1423 2714 aut
1433 2660 1470 2714 od
1482 2659 1674 2718 inlidelitateu

82 2778 84 2783 ·
113 2750 267 2818 iudicium,
280 2749 391 2806 scilicet
401 2749 562 2816 damnatio,
574 2748 643 2820 quia
658 2747 708 2803 lux
717 2747 795 2804 venit
808 2748 839 2804 in
856 2766 939 2805 mun·
992 2746 1086 2801 autin
1103 2747 1255 2819 iniquitate
1264 2748 1403 2815 (lethech,
1416 2749 1493 2803 siout
1509 2748 1585 2804 idem
1602 2749 1674 2806 beati

112 2840 194 2908 dum,
206 2843 235 2895 et
253 2838 416 2895 dilexerunt
431 2838 566 2894 homines
582 2838 717 2894 tenebras
736 2838 831 2911 magis
848 2856 936 2911 quam
991 2834 1175 2891 demonstret
1189 2837 1289 2892 ditetis
1303 2853 1309 2890 ε
1322 2838 1443 2892 Fuerunt
1462 2853 1522 2892 vero
1536 2846 1563 2894 et
1575 2837 1674 2910 pseudo

112 2927 225 2996 lucem;
241 2935 324 2984 erant
347 2927 425 2984 enim
453 2943 554 2983 eorum
579 2926 657 2982 mala
680 2942 777 2998 opera.
793 2926 936 2983 iudicatis
990 2924 1021 2978 in
1031 2925 1141 2996 populo,
1157 2927 1228 2981 sieut
1241 2933 1267 2981 et
1281 2928 1309 2981 in
1330 2926 1403 2981 uotis
1422 2935 1503 2982 erunt
1519 2928 1648 2998 mapr'stri
1660 2944 1674 2984 ε

111 3022 220 3086 autem,
233 3017 262 3072 id
278 3021 332 3085 est,
349 3010 496 3072 damnatis
511 3014 591 3071 illius
607 3014 717 3072 colonis
733 3015 880 3087 pessimis,
894 3017 935 3072 vi·
990 3016 1039 3086 put
1053 3014 1181 3071 inducent
1203 3023 1286 3071 seems
1310 3015 1483 3087 perditionis,
1498 3023 1600 3072 eleum
1614 3018 1663 3090 εει

111 3122 197 3163 neem
213 3122 297 3162 suam
316 3105 422 3162 locavit
446 3104 511 3161 aliis
535 3104 681 3178 agricolis,
697 3104 747 3177 qui
771 3106 895 3162 reddant
909 3107 935 3163 ci
989 3104 1135 3160 Dominum
1157 3113 1295 3175 nepentes,
1311 3105 1518 3177 superducentes
1537 3108 1593 3162 siti
1616 3107 1674 3164 cele

110 3196 240 3251 fructum
255 3194 438 3265 temporibus
449 3193 525 3262 suis3
538 3195 607 3266 quia
619 3193 696 3249 sicut
709 3192 756 3250 ille
770 3195 848 3266 apsid
860 3195 932 3252 ltlat·
949 3170 969 3237 C
988 3193 1119 3249 ditionem
1129 3194 1165 3266 (ll
1174 3195 1246 3250 Petr.
1256 3211 1286 3262 ιι,
1298 3196 1334 3263 1).
1345 3194 1425 3250 Unde
1434 3195 1511 3250 Doda
1521 3210 1545 3250 :a
1555 3195 1595 3251 De
1605 3195 1674 3253 boo

110 3281 220 3339 thaam
236 3281 370 3354 exposuit
386 3297 393 3335 ι
409 3281 470 3337 ldeo
494 3281 553 3338 dico
568 3281 652 3347 uotis,
678 3283 819 3352 auferetur
830 3299 847 3336 e
860 3283 934 3338 vobis
990 3282 1095 3354 inquit,
1112 3286 1141 3339 et
1156 3282 1263 3339 Paulus
1283 3283 1363 3349 dicit,
1375 3283 1465 3355 empti
1481 3283 1552 3339 estis
1577 3283 1672 3356 pretio

110 3387 225 3443 repuum
251 3371 313 3437 Dei,
329 3376 355 3425 et
368 3369 480 3425 dubiem
501 3371 576 3441 penti
601 3370 716 3439 facienti
741 3371 847 3440 fruetus
876 3374 934 3444 ejus
988 3371 1147 3444 glorificate
1163 3377 1191 3428 et
1205 3378 1318 3444 portate
1341 3372 1498 3427 Dominum
1515 3373 1543 3427 in
1562 3390 1674 3446 corpori

109 3458 347 3531 (11ε11ιι.ιιιιι,13).
370 3458 417 3514 Sie
439 3457 546 3531 quippe
572 3464 642 3514 Deus
666 3458 765 3515 ditarit
790 3461 932 3530 mundum,
988 3460 1674 3535 Moritoautemsibiceleremperditionemsupe

108 3557 139 3606 ut
152 3549 255 3605 Filium
268 3565 350 3604 suum
364 3548 537 3619 unipeaiturn
551 3546 637 3615 daret,
646 3555 677 3602 ut
686 3549 774 3604 omnis
787 3551 836 3622 εει
849 3550 935 3607 eredit
988 3551 1037 3622 qui
1054 3550 1278 3622 Redemptorem
1292 3567 1379 3605 suum
1396 3554 1545 3624 negantes,
1561 3551 1641 3607 huno
1655 3568 1674 3607 u

108 3642 139 3696 in
153 3641 244 3712 ipsum
256 3655 312 3694 non
324 3645 426 3709 pereat,
437 3636 484 3692 sed
498 3636 595 3692 habeut
605 3638 688 3692 uitam
699 3645 831 3694 uernam
842 3640 930 3709 (ioan.
987 3640 1096 3695 intendo
1111 3639 1284 3713 glorificare,
1297 3644 1325 3695 et
1340 3641 1546 3695 benefaciendo
1569 3658 1623 3696 suo
1637 3640 1669 3696 in

108 3747 150 3796 ιιι,
167 3730 220 3802 16).
232 3728 267 3783 Et
291 3728 394 3782 beatus
419 3726 521 3780 Petrus
538 3742 545 3780 :
561 3725 620 3781 Non
643 3726 742 3795 taram,
759 3726 865 3799 inquit,
880 3729 931 3784 Do·
986 3729 1060 3783 serre
1076 3727 1248 3797 detrectant,
1261 3730 1339 3800 qued
1355 3746 1457 3784 omnes
1477 3728 1588 3784 iaciunt
1601 3729 1674 3786 haere

106 3819 200 3873 miuus
212 3815 421 3887 promissionem
436 3830 525 3879 suam,
535 3813 581 3869 sed
599 3821 735 3886 exspectat
749 3824 860 3888 propter
875 3834 930 3886 uos,
986 3822 1106 3874 sanctus
1116 3816 1225 3872 Paulus
1237 3817 1266 3872 in
1277 3817 1400 3889 epistole
1411 3818 1446 3872 ad
1458 3818 1639 3875 Corinthios:
1651 3819 1674 3875 11

105 3905 201 3962 nolens
210 3906 331 3977 aliquem
337 3905 439 3975 perire,
447 3902 494 3958 sed
504 3918 595 3958 moines
605 3902 640 3958 ud
649 3905 836 3975 paenitentiam
845 3922 932 3962 rerer·
984 3922 1090 3978 eurique
1103 3905 1189 3962 ederit
1200 3923 1300 3978 panem
1314 3906 1396 3977 laune,
1407 3915 1455 3961 eut
1470 3907 1568 3963 hiterii
1578 3909 1674 3965 ratioet

106 3998 129 4052 11
137 3996 176 4065 (11
184 3996 257 4052 Ρειν.
269 4009 311 4060 ιιι,
321 3992 360 4060 9).
373 3993 408 4047 11ι
417 3996 537 4048 sanetus
548 3990 672 4048 Paulus:
685 3995 743 4067 Qui
750 3996 862 4066 proprie
871 3996 930 4066 filio
984 3995 1112 4067 indipue,
1143 4013 1206 4051 reus
1233 3998 1287 4051 erit
1313 3997 1434 4067 eorporis
1462 4003 1487 4052 et
1514 3997 1662 4067 sanpuiais

105 4101 155 4142 suo
166 4101 222 4142 non
234 4083 364 4156 pepercit,
374 4081 421 4137 sed
428 4097 480 4155 pro
494 4081 571 4138 notis
585 4082 712 4139 omnibus
722 4083 836 4141 tradidit
849 4086 930 4141 ilium
985 4087 1008 4154 (1
1023 4086 1083 4141 Cor.
1099 4102 1137 4153 ιιι,
1155 4087 1212 4153 17).
1225 4085 1306 4141 Unde
1320 4084 1493 4141 Arnbrosius
1510 4102 1517 4139 :
1531 4109 1544 4134 α
1561 4085 1636 4151 Quid
1650 4101 1674 4142 es

105 4176 190 4244 (Rern
202 4190 264 4242 νιιι,
275 4171 330 4243 32).
343 4171 375 4226 Et
389 4172 414 4226 si
435 4187 507 4226 unus
528 4187 579 4244 pro
601 4172 727 4228 omnibus
741 4183 864 4231 mortuus
878 4183 927 4242 est,
984 4191 1048 4231 reos
1063 4191 1137 4240 esse,
1150 4175 1207 4230 uisi
1223 4182 1323 4246 panes
1339 4176 1408 4229 dare
1423 4175 1526 4230 mortis
1538 4174 1674 4231 Domini?

103 4281 166 4336 erpo
179 4279 272 4320 omnes
290 4262 393 4317 mortui
405 4268 471 4317 sum
483 4261 520 4330 (11
534 4260 595 4317 Cor.
607 4278 634 4327 v,
649 4260 691 4332 14)
704 4279 710 4316 ι
723 4265 752 4317 ει
766 4278 818 4334 pro
833 4264 927 4319 omui·
982 4268 1027 4320 est
1041 4263 1118 4320 enim
1135 4267 1163 4319 ει
1178 4280 1230 4336 pro
1247 4264 1292 4318 bis
1308 4264 1358 4335 qui
1374 4264 1549 4320 beneficium
1565 4265 1630 4335 ejus
1646 4264 1674 4320 iu

103 4353 159 4410 bus
170 4349 421 4422 mortuusest,qui
430 4349 709 4422 deditsemetipsum
717 4352 925 4422 proomnibus,
982 4353 1103 4408 ducunt.
1117 4375 1131 4403 u
1142 4354 1178 4408 Et
1192 4352 1262 4408 item
1275 4369 1281 4406 :
1293 4353 1398 4408 Peribit
1413 4355 1440 4408 in
1464 4362 1511 4408 tua
1528 4355 1645 4410 scientia
1658 4355 1674 4427 1

103 4446 132 4497 ει
144 4441 240 4514 gratia
250 4440 300 4495 Dei
313 4456 365 4512 pro
376 4438 513 4495 omnibus
525 4438 653 4511 gustavit
664 4439 883 4511 mortem,quia,
893 4445 927 4496 ut
981 4458 1032 4514 quo
1048 4442 1170 4498 Christus
1191 4451 1314 4498 mortuus
1330 4450 1368 4498 est
1383 4443 1406 4511 (l
1421 4442 1480 4499 Cor.
1493 4460 1553 4507 vin,
1570 4444 1624 4515 11).
1642 4442 1675 4498 lli

102 4530 194 4586 isaias
204 4528 291 4585 dicit:
302 4527 399 4583 Orunes
411 4528 485 4584 uelut
498 4544 559 4584 oues
573 4530 727 4584 enauimus
738 4528 803 4597 (lsu.
814 4546 875 4601 mn,
885 4529 924 4602 6).
941 4540 964 4606 1)
980 4534 1045 4586 ctus
1072 4530 1246 4587 Ambrosius
1263 4548 1269 4586 :
1286 4532 1321 4587 lu
1336 4536 1367 4586 tu
1390 4530 1448 4587 eris
1471 4530 1584 4588 occasio
1614 4548 1674 4589 ιιιοι

101 4617 309 4690 Unusquisque
318 4615 394 4672 uiam
406 4633 490 4672 suam
502 4615 666 4684 declinavit,
678 4621 706 4672 et
716 4617 859 4675 Dominus
875 4636 924 4690 po·
979 4619 1044 4689 tris,
1060 4636 1147 4692 quem
1163 4619 1298 4677 Christus
1315 4623 1346 4674 ut
1364 4620 1529 4689 redimeret,
1548 4618 1674 4694 crucifigi

101 4707 161 4764 suit
175 4706 204 4762 in
220 4722 253 4762 eo
268 4704 454 4777 iniquitatem
472 4705 606 4761 emnium
622 4709 766 4762 nostrum.
776 4729 791 4756 u
979 4706 1070 4762 misit.
1081 4707 1116 4762 ut
1132 4707 1275 4762 Dominus
1290 4707 1379 4762 dicit:
1395 4708 1455 4763 Non
1470 4710 1558 4764 omn-is
1573 4709 1622 4780 εει
1635 4707 1674 4765 die

135 4795 283 4862 Quiavero
295 4811 352 4850 non
364 4810 465 4850 omnes
475 4794 622 4867 passionis
633 4794 924 4868 ejusmpsteriosunt
978 4797 1100 4865 Domine,
1116 4799 1239 4865 Domine,
1260 4797 1375 4852 intrabit
1402 4798 1431 4851 iu
1456 4813 1570 4868 repnurn
1596 4797 1674 4854 eaeim

100 4883 253 4957 redempti,
263 4882 331 4939 licet
346 4883 408 4955 ipse
420 4883 506 4939 luerit
521 4900 627 4956 passus
642 4900 694 4956 pro
705 4883 854 4952 omuibus,
866 4901 924 4940 ma·
978 4886 1027 4956 εει
1038 4887 1106 4956 feeit
1120 4888 1283 4942 uotunudem
1296 4887 1388 4941 l'atris
1404 4888 1460 4942 mei
1474 4888 1522 4959 εει
1537 4888 1566 4942 ia
1582 4886 1675 4943 eatur

99 4975 217 5031 nil‘estat
232 4973 338 5028 iterum
361 4990 413 5044 per
432 4972 537 5028 isaiam
553 4972 653 5028 diceus
670 4990 676 5029 :
693 4973 725 5027 lu
738 4973 853 5032 seientia
873 4990 924 5028 suu
978 4974 1092 5030 intrabit
1106 4976 1134 5030 in
1158 4991 1273 5046 repnum
1291 4975 1418 5031 crebrum
1439 4974 1521 5047 (llatt.
1531 4994 1581 5042 vn,
1592 4975 1674 5044 21).1

91 5065 255 5137 justificavit
272 5064 329 5134 ipse
352 5078 442 5117 seruos
466 5077 529 5117 suos
551 5063 652 5118 maritos
666 5063 730 5132 (isa.
747 5079 806 5129 ιιιι,
819 5063 872 5133 11).
889 5062 924 5118 Et
976 5060 1067 5119 diceret
1079 5064 1149 5118 mitri
1168 5065 1198 5118 in
1222 5064 1273 5119 itta
1286 5063 1331 5119 die
1347 5081 1354 5118 :
1370 5065 1492 5131 Domine,
1517 5065 1674 5133 Domine,u

96 5153 167 5210 item
184 5170 190 5208 :
207 5153 267 5225 lpse
286 5159 395 5224 peecata
416 5151 566 5207 multorum
586 5152 649 5207 tulit
663 5151 811 5222 (deditii
826 5151 920 5206 item:
976 5153 1086 5207 omnine
1101 5160 1145 5209 tuo
1168 5153 1436 5225 prophetavimuset
1458 5156 1488 5209 iu
1511 5156 1622 5210 nornine
1645 5161 1674 5211 tu

94 5246 148 5298 Iste
161 5251 285 5314 asperpet
295 5250 385 5314 pentes
407 5242 518 5297 multas.
533 5242 597 5311 (ise.
613 5257 649 5307 ιι,
665 5241 718 5311 15).
734 5240 769 5295 Et
783 5239 812 5295 iu
829 5241 921 5296 Evan—
975 5249 1013 5296 urs
1028 5242 1127 5296 mrrttos
1140 5242 1274 5311 serimus?
1288 5251 1314 5298 et
1327 5251 1392 5298 tune
1404 5234 1643 5315 confitetor'ii-tis:
1659 5248 1674 5317 ε

94 5332 169 5404 gelio
196 5349 203 5387 :
229 5332 316 5388 Filius
344 5332 465 5388 terminis
494 5347 549 5386 non
576 5331 651 5386 uenit
676 5329 846 5397 ministrari,
874 5329 922 5387 sea
974 5333 1040 5387 noui
1068 5346 1123 5399 vos,
1152 5330 1281 5387 discedite
1308 5349 1325 5387 a
1351 5349 1394 5388 ree
1421 5333 1560 5389 nealedieti
1574 5332 1665 5405 (itit,

93 5422 267 5489 minuerare,
295 5428 321 5478 et
353 5421 418 5477 dare
450 5420 573 5476 eitimam
603 5435 683 5474 suam
711 5416 921 5490 redemptionem
974 5421 1008 5476 lit
1032 5418 1164 5476 Paulus:
1183 5421 1235 5488 Qui
1263 5423 1424 5494 eonfitemur
1450 5438 1479 5479 se
1505 5438 1584 5479 nesse
1607 5422 1674 5478 oen

91 5522 143 5581 pro
169 5511 265 5567 multis
290 5510 393 5579 (hauh.
418 5527 464 5578 xx,
489 5511 546 5577 28).
573 5508 608 5562 lit
636 5507 705 5563 item
732 5505 916 5579 Apostolus:
974 5516 1065 5565 auem
1078 5516 1178 5580 nepant
1192 5509 1254 5582 (Tri.
1267 5528 1286 5578 1,
1301 5512 1345 5584 11);
1359 5513 1436 5584 quod
1453 5517 1481 5567 et
1496 5500 1674 5584 quampluris

93 5596 148 5660 rer
177 5601 263 5660 ειιιει
294 5599 474 5660 ειειιεειιεει
501 5599 574 5676 justi
604 5599 806 5656 cmstituuntur
836 5597 919 5658 metti
971 5597 1148 5658 testimoniis
1170 5603 1266 5676 potest
1293 5600 1674 5678 praesentassetis
