3810 6098
75 108 128 172 2¹1⁷
387 162 391 167 .
433 109 484 172 DD
504 109 887 176 Pasaeseraamouu
905 109 1166 179 uissuaraato
1185 112 1419 184 betesmon.
1715 120 1776 187 2⁷8

72 244 245 322 dignitatem
253 241 391 302 humans
402 246 511 300 nature
519 243 597 301 Deus
611 243 662 301 Dei
682 243 771 302 lilius
780 261 896 303 cences-
909 243 937 314 Α
951 248 981 301 et
995 243 1094 304 volens
1110 262 1211 306 aarum
1226 248 1400 308 auctoritate
1418 250 1534 311 llrmare
1548 255 1627 328 quod
1651 255 1774 315 dubium

71 337 116 406 sit,
132 338 169 393 ut
183 335 263 392 Deus
277 332 407 390 ethome
422 350 481 389 una
494 337 573 390 esset
586 349 721 406 persona.
738 336 831 401 Quare
856 334 897 391 di·
950 339 1005 392 est.
1021 335 1161 410 Origenes
1175 343 1285 406 autem,
1301 338 1413 413 absque
1423 339 1483 397 ullo
1494 342 1686 402 divinaevocis
1696 347 1776 404 testi·

69 428 108 484 xit
116 423 320 499 apprehendit?
330 422 399 496 quia
414 439 467 478 nes
483 421 567 495 quasi
587 424 756 479 recedentes
771 423 808 479 ab
818 440 851 480 eo
867 428 896 481 et
951 423 1059 492 monio,
1073 425 1132 482 vim
1147 425 1239 483 iacere
1255 426 1359 483 nititur
1372 427 1496 497 veritati,
1513 434 1541 487 et
1564 433 1705 491 exstincta
1728 436 1773 492 lu-

67 516 153 590 louge
169 513 318 588 fugientes
330 511 481 568 insecutus
497 512 699 585 apprehendit,
716 517 746 569 et
760 513 791 569 in
804 529 894 570 unam
950 530 1036 570 cerna
1050 512 1180 570 invenire
1194 531 1269 571 eam.
1287 517 1394 572 Fautor
1412 518 1589 587 daemonum,
1606 526 1635 576 et
1649 539 1706 578 non
1722 524 1774 580 ho-

67 619 226 680 personam
242 605 347 658 nostre
364 599 530 674 tragilitatis
543 605 678 657 naturam
694 602 750 659 sibi
761 607 893 659 contem·
950 600 1075 671 minum,
1094 602 1204 660 crebris
1228 604 1385 663 calumniis
1406 605 1524 662 lacessit
1548 607 1653 664 l'ilium
1669 611 1730 679 Dei,
1747 616 1776 668 et

67 690 257 766 perstitlloc
269 704 339 762 erge
353 687 494 744 redimere
510 688 611 743 debuit
626 689 704 760 qued
719 691 892 763 assumpsit.
947 691 1044 748 denuo
1056 692 1272 765 crucifigit,n0n
1284 693 1451 767 intelligens
1461 695 1489 750 in
1499 712 1587 768 quam
1600 698 1775 769 profundam

66 781 103 840 Ut
115 781 224 837 beatus
244 777 402 852 Gregorius
418 775 449 832 in
468 774 542 832 libro
554 794 581 832 rx
592 777 661 849 (cap.
677 779 722 849 28]
739 779 893 835 Moralium
947 783 976 836 et
987 779 1156 836 horribilem
1166 781 1501 855 impietatisvoraginem
1513 785 1775 844 detrahatur.(leu·

67 872 137 929 dicit
154 885 161 926 ε
179 867 371 943 Angelorum,
388 866 534 938 inquiens,
551 866 673 939 spiritus
689 867 797 923 idcirce
823 868 893 925 irre·
948 869 1161 941 sequensenim
1172 871 1320 944 estutqui
1339 873 1436 945 priora
1451 874 1621 946 susceperit,
1634 876 1776 950 suscipiat

67 958 252 1018 missibiliter
266 955 545 1030 peccaverunt,quia
558 959 640 1010 tanto
651 955 801 1012 robustius
816 961 893 1014 stare
947 961 976 1013 et
991 975 1054 1030 que
1071 962 1239 1031 sequentur,
1252 963 1284 1014 ut
1298 960 1349 1033 qui
1361 978 1412 1034 pro
1428 962 1610 1020 demonibus
1625 963 1774 1023 Christum

67 1050 334 1126 poterant,qusnto
348 1061 398 1102 eos
412 1044 510 1100 carnis
525 1043 661 1101 admistio
683 1061 740 1102 nen
765 1047 892 1103 tenebat.
948 1045 1053 1102 dixerit
1074 1048 1263 1121 crucifigi,ad
1289 1049 1369 1121 ipses
1397 1067 1513 1123 quoque
1538 1051 1694 1108 dicendum
1710 1071 1775 1112 esse

67 1142 157 1199 Homo
166 1153 237 1194 rere
249 1135 358 1192 idcireo
368 1137 434 1208 post
443 1133 560 1207 culpam
572 1134 687 1190 reniam
699 1134 815 1203 meruit,
824 1137 894 1208 quia
947 1135 1025 1190 susci
1029 1134 1091 1207 piat
1107 1153 1114 1190 ι
1130 1136 1248 1209 Accipite
1261 1145 1287 1192 ct
1299 1137 1378 1207 edite,
1386 1141 1435 1195 boc
1449 1147 1488 1195 est
1497 1156 1594 1212 corpur
1608 1157 1709 1197 mam.
1718 1143 1772 1199 lli:

67 1246 116 1304 per
130 1225 252 1285 carnale
266 1241 374 1297 corpus
398 1221 508 1296 aliquid
534 1240 592 1295 que
615 1222 772 1297 semetipse
797 1224 894 1281 minor
946 1222 1043 1296 Accipe
1055 1232 1082 1280 et
1095 1225 1187 1289 bibite,
1197 1226 1242 1281 bic
1255 1233 1294 1281 est
1307 1229 1420 1298 sangnis
1434 1244 1510 1282 nnnc
1525 1228 1617 1295 (llere.
1631 1232 1772 1299 arvina).

67 1323 141 1377 esset
155 1314 281 1388 accepit,
297 1313 379 1371 Unde
393 1316 422 1368 et
436 1312 514 1385 apud
531 1317 694 1385 respectum
712 1312 823 1386 judicis
846 1332 893 1370 ar·
947 1309 978 1367 Si
993 1311 1111 1367 enimet
1123 1329 1175 1385 pre
1189 1314 1371 1370 daemonibus
1382 1316 1577 1386 crucifigetur,
1588 1320 1621 1372 ut
1632 1334 1771 1374 novorum

67 1409 241 1483 gementum
257 1403 376 1479 pietatis
389 1406 434 1458 est
448 1401 509 1457 hac
525 1402 626 1457 eadem
649 1401 805 1459 infirmitas
829 1420 892 1460 car·
948 1400 1118 1473 dogmatum
1134 1405 1262 1458 assertor
1271 1404 1493 1476 affirmatqmd
1509 1405 1563 1460 erit
1574 1406 1771 1478 privilegiam,

67 1497 120 1554 nic.
134 1518 150 1547 ι
947 1494 1000 1545 aut
1014 1507 1077 1562 quie
1088 1489 1211 1557 ratio,ut
1225 1491 1280 1547 soli
1296 1491 1431 1548 homines
1446 1493 1558 1565 corpori
1575 1495 1638 1565 ejus
1654 1495 1773 1568 sangui·

98 1586 151 1643 ast
164 1587 196 1641 et
210 1580 269 1638 alin
280 1578 598 1652 causaquaperierunt
614 1578 841 1652 irreparabiliter
851 1597 893 1637 re·
908 1613 932 1680 B
949 1578 1037 1650 nique
1056 1580 1284 1647 communicent,
1297 1584 1326 1636 et
1337 1597 1394 1636 non
1411 1582 1559 1638 demones
1578 1599 1704 1656 quoque,
1720 1600 1773 1656 pro

66 1674 123 1749 lugi
138 1671 276 1746 spiritus,
293 1674 324 1726 et
337 1668 425 1724 horne
440 1667 534 1741 gratia
549 1667 658 1723 meruit
672 1668 811 1741 reparari.
828 1669 890 1726 Sci·
948 1667 1056 1738 quibus
1074 1666 1104 1722 in
1130 1667 1265 1739 passione
1292 1670 1466 1742 sanguinem
1492 1671 1619 1727 fuderit?
1635 1673 1690 1727 Sed
1720 1689 1773 1729 nec

12 1794 16 1799 -
65 1763 139 1832 licet,
156 1761 231 1834 quia
244 1757 380 1815 diabolus
396 1756 515 1830 propria
530 1756 616 1828 periit
629 1755 890 1829 iniquitate,homo
945 1755 1092 1811 daemones
1117 1754 1238 1812 audient
1250 1773 1257 1812 :
1271 1757 1390 1830 Accipite
1407 1765 1433 1814 ct
1455 1759 1536 1826 edite,
1551 1763 1597 1812 et:
1615 1760 1731 1831 Accipite
1748 1768 1774 1816 et

64 1850 231 1910 nemetiam
249 1845 393 1905 diabolica
408 1843 605 1918 persuasione,
616 1845 692 1901 sicut
706 1844 847 1903 Alcuiuus
859 1845 889 1902 in
945 1843 1038 1909 bibite,
1048 1859 1101 1899 nec
1112 1844 1255 1900 Dominus
1271 1862 1324 1900 sua
1341 1852 1484 1919 precepta
1498 1847 1646 1914 dissolvet,
1663 1848 1711 1920 qni
1729 1847 1771 1903 di·

63 1941 135 1998 lihro
151 1937 380 2013 responsionum
392 1935 536 1992 Geneseos
550 1935 586 1990 ad
607 1933 755 2007 Sigullum
769 1936 889 1992 demon·
944 1931 1066 2005 scipulis
1082 1933 1123 1987 ait
1138 1948 1146 1988 :
1162 1933 1251 1990 Nolite
1263 1933 1329 1990 dare
1342 1943 1466 1991 sanein-m
1481 1937 1604 2006 canitiae,
1617 1953 1666 1991 nec
1685 1938 1774 1993 mittit-

65 2034 145 2088 strat
161 2027 247 2086 Unde
262 2029 292 2084 et
306 2027 427 2082 sauctus
440 2023 611 2080 Ambrosius
626 2022 656 2079 in
671 2024 784 2096 psalmo
803 2042 889 2083 cxvm
943 2023 979 2077 tir
993 2023 1160 2091 margaritas
1176 2030 1277 2079 vestras
1292 2031 1355 2079 ante
1367 2040 1472 2095 porcos,
1481 2041 1516 2080 ne
1529 2027 1599 2096 sorte
1613 2025 1775 2082 condntccnt

64 2119 131 2176 dicit
147 2136 156 2174 ι
174 2139 190 2169 a
202 2117 339 2175 Fortasse
350 2114 432 2169 dicas
448 2129 455 2167 ε
472 2113 535 2178 Qua
549 2112 662 2168 ratione
678 2113 754 2170 m
770 2129 827 2169 non
844 2112 888 2168 di·
943 2125 989 2165 eas
1002 2109 1116 2181 pedibas
1129 2112 1198 2182 anis,
1209 2119 1236 2167 ct
1251 2115 1375 2169 censeret
1384 2113 1558 2184 disrumpant
1570 2130 1615 2169 cos
1630 2114 1731 2182 (Metti.
1743 2131 1771 2184 v,

63 2212 137 2266 ctum
154 2207 206 2274 sit,
223 2201 426 2261 misericordia
440 2199 557 2257 Domini
572 2199 693 2274 plenum
712 2205 757 2257 est
772 2201 888 2274 coelum,
943 2198 982 2266 ti).
999 2197 1072 2253 Nam
1088 2201 1117 2254 et
1131 2198 1288 2270 Apostolus
1303 2201 1436 2257 scribens
1453 2219 1459 2256 :
1477 2201 1543 2256 lt'oto
1562 2219 1607 2257 rna
1627 2204 1772 2274 participes

63 2298 127 2371 quia
141 2299 216 2352 sunt
231 2293 321 2350 etiam
335 2289 483 2364 spiritales
497 2289 633 2362 nequitia
658 2288 687 2344 in
708 2289 887 2347 eoelestibus.
912 2353 919 2363 ι
943 2285 1100 2343 wmoaam
1112 2288 1175 2358 fieri
1189 2288 1213 2360 (l
1227 2288 1287 2343 Cor.
1305 2307 1332 2354 x,
1344 2293 1382 2356 2).
1400 2291 1458 2345 lton
1480 2293 1589 2361 patenis
1605 2293 1682 2348 m
1707 2293 1773 2349 ciiii-

65 2387 115 2444 Sed
130 2402 193 2442 non
208 2382 267 2439 illae
283 2380 319 2437 ad
334 2395 490 2437 commune
501 2379 566 2451 ejus
577 2377 766 2451 indulgentia
777 2380 888 2436 denum
942 2391 1000 2431 cem
1015 2376 1126 2431 Domini
1141 2374 1232 2433 bibere
1247 2384 1272 2432 et
1285 2378 1399 2433 calibem
1413 2380 1622 2447 centenariam,
1639 2397 1693 2435 non
1720 2396 1771 2453 pe-

63 2472 327 2544 remissionemque
336 2465 798 2542 pertinentpeccatorum,quibus
810 2468 888 2542 ignis
943 2462 1027 2519 testis
1042 2480 1150 2520 mense
1165 2464 1281 2520 Domini
1305 2466 1472 2538 participari
1498 2472 1526 2523 et
1541 2485 1647 2537 mensae
1668 2471 1772 2525 dicme-

62 2567 193 2623 servatur
208 2565 347 2617 eternus.
362 2580 376 2607 n
391 2557 427 2613 llt
441 2560 560 2613 sanctus
576 2555 758 2629 Theophilus
769 2556 889 2614 Alexan·
943 2551 1070 2619 nicrum,
1084 2551 1267 2624 impossibile
1283 2570 1346 2610 esse
1362 2554 1554 2622 demonstrat,
1571 2557 1719 2614 demones
1734 2560 1771 2614 de

63 2655 162 2711 dunas
170 2647 371 2726 episcopusin
382 2646 511 2703 meantia
521 2644 651 2718 synodali
662 2645 786 2717 epistola
796 2644 885 2702 dicit:
943 2639 1032 2697 calice
1048 2640 1165 2696 Domini
1180 2641 1328 2710 bibere,et
1342 2642 1378 2697 de
1394 2659 1496 2698 mensa
1511 2645 1575 2715 ejus
1591 2647 1769 2718 participari.

63 2743 196 2800 «Verum
208 2739 283 2814 quid
296 2738 353 2794 ista
364 2750 572 2802 memoramus,
582 2750 649 2790 cum
660 2733 688 2788 in
700 2737 813 2789 tautam
825 2750 888 2791 eru·
942 2728 1031 2786 Cibus
1041 2728 1149 2785 diaboli
1161 2734 1313 2802 negatores
1322 2729 1372 2784 Dei
1384 2732 1602 2796 sunt‚llabecuc
1614 2733 1749 2806 loquente
1761 2752 1768 2790 ε

63 2832 130 2907 perit
163 2829 309 2902 Origenes
335 2824 512 2893 vecordiam,
541 2821 600 2878 imo
638 2822 826 2890 dementiam,
855 2827 888 2880 ut
941 2818 1017 2875 Esne
1030 2819 1088 2891 ejas
1102 2818 1194 2876 electe
1208 2818 1318 2890 (llnbac.
1336 2836 1355 2885 1,
1373 2820 1427 2890 111).
1445 2820 1532 2875 Cibus
1548 2824 1646 2876 autem
1664 2821 1770 2894 impio·

63 2917 136 2976 aliud
150 2911 300 2974 Salvatori
315 2911 427 2968 crimen
442 2909 597 2982 impingat,
608 2908 709 2965 dicens
719 2925 786 2964 eum
796 2913 824 2965 et
834 2926 887 2982 pre
942 2924 1009 2963 rum
1024 2906 1157 2962 omnium
1173 2907 1360 2964 exsecrabilis
1375 2907 1437 2980 ipse
1458 2908 1603 2976 diabolus,
1621 2910 1769 2982 prophete

64 3005 244 3065 demonibus
259 3018 292 3060 ac
307 2998 490 3074 spiritalibus
506 2996 644 3069 nequitiis
664 2998 740 3070 apud
765 2979 925 3072 superesC
943 2993 1078 3051 vaticinio
1103 3001 1295 3068 concrepante
1308 3013 1314 3051 :
1327 2995 1430 3053 Dedisti
1452 3014 1515 3053 eam
1546 3013 1635 3053 ercam
1660 3001 1771 3072 papatis

65 3095 243 3171 affigendum
254 3090 346 3157 cruci,
358 3104 411 3145 nec
422 3086 558 3159 intelligit
568 3086 597 3141 in
609 3103 696 3158 qnam
708 3087 888 3160 protundum
943 3085 1204 3156 AEtbiopibastl‘ral.
1213 3102 1286 3151 cxxi,
1295 3085 1348 3154 11).
1356 3086 1397 3141 Dx
1405 3086 1512 3158 quibus
1521 3087 1660 3145 omnibus
1669 3104 1775 3161 appro-

64 3183 223 3259 impietetis
241 3182 361 3237 corruat
384 3174 572 3232 barathrum?
588 3173 618 3231 Si
646 3174 725 3230 enim
754 3175 889 3234 Christus
944 3171 1195 3239 batur,Christum
1207 3190 1259 3244 pro
1270 3174 1453 3231 demonibus
1465 3192 1522 3230 non
1535 3176 1771 3250 possecrucifigi,

66 3268 414 3348 prehominibuspassus
428 3264 515 3321 home
531 3264 625 3319 laetus
636 3268 691 3331 est,
708 3267 741 3320 ut
756 3263 888 3337 Scriptu-
945 3278 980 3317 ne
998 3261 1145 3316 demones
1166 3261 1296 3333 eorporis
1312 3268 1340 3317 et
1355 3263 1509 3333 sanguinis
1526 3265 1591 3334 ejus
1613 3265 1771 3337 participes

66 3379 158 3420 ranam
183 3361 336 3415 testantur
349 3353 475 3426 eloquia,
491 3368 673 3424 consequens
694 3353 750 3408 erit
764 3357 796 3408 ut
811 3353 890 3409 dicat
944 3350 1105 3406 liant.Cum
1117 3367 1185 3422 crgo
1195 3350 1387 3422 etltpostelns
1402 3353 1437 3406 de
1447 3352 1593 3408 Salvatore
1605 3353 1769 3427 significet:

67 3450 198 3523 Origenes
211 3465 219 3503 ε
230 3447 268 3503 lli
283 3461 335 3518 pro
352 3441 534 3499 damonibus
556 3457 699 3514 passurus
714 3441 827 3497 demon
842 3441 888 3497 lu·
943 3439 998 3496 lice
1011 3441 1085 3495 enim
1098 3440 1163 3510 [ecit
1178 3439 1261 3494 semel
1283 3441 1403 3512 seipsam
1417 3440 1531 3512 offerens
1545 3442 1636 3510 (llebr.
1648 3460 1697 3510 vu,
1711 3444 1767 3514 27),

68 3543 143 3596 nme
157 3541 217 3595 est.
227 3535 289 3592 Hoc
304 3532 383 3589 enim
398 3530 571 3588 necessitate
586 3533 706 3601 cogetur
725 3533 758 3585 ut
774 3530 888 3599 inierat,
944 3532 974 3583 et
988 3527 1127 3600 Origenes
1138 3531 1197 3582 tam
1209 3528 1359 3584 audaciter
1372 3528 1452 3584 illius
1469 3529 1616 3585 sententies
1626 3531 1770 3586 contradi·

69 3643 97 3686 ue
109 3627 145 3687 ab
160 3642 197 3684 eo
207 3623 290 3698 quod
306 3620 393 3693 caepit
416 3619 581 3691 discrepare
601 3618 735 3674 videatur
748 3617 887 3675 imitator.
944 3620 1125 3689 cat,tempus
1139 3620 1184 3672 est
1199 3615 1271 3671 illud
1283 3616 1390 3672 inferre
1407 3633 1413 3671 ε
1433 3619 1523 3688 Terre,
1535 3625 1768 3685 terraterrnaa-

69 3715 96 3776 a
107 3716 150 3773 illi
164 3713 251 3772 enim
266 3710 381 3766 Christe
406 3706 541 3764 similiter
559 3705 771 3779 loquebantur:
782 3707 889 3764 Daemo·
943 3704 1094 3761 divertam
1108 3706 1421 3770 Domini‚rcribecirnm
1436 3708 1518 3762 istum
1530 3707 1686 3763 abdicatam
1699 3712 1768 3778 (ler.

71 3807 137 3862 asar
150 3803 237 3860 hebes
252 3799 355 3873 (dact.
369 3815 408 3864 xi,
424 3797 521 3864 18).Et
537 3797 590 3851 :ln
605 3794 751 3850 Beelzebub
765 3797 890 3868 principe
943 3799 1023 3859 xxii).
1035 3793 1088 3860 Qui
1100 3793 1178 3850 enim
1192 3793 1324 3849 internus
1334 3793 1395 3849 haec
1408 3794 1485 3849 mala
1495 3796 1642 3866 suscipere
1655 3798 1770 3868 potest?

71 3891 263 3952 inaeniorum
287 3887 367 3959 ejicis
394 3884 532 3942 demonia
560 3883 661 3956 (atrab.
686 3901 736 3950 xii,
760 3883 816 3954 21).
833 3883 888 3939 Sed
944 3881 995 3954 qui
1019 3883 1159 3939 Tartarus
1184 3883 1220 3938 de
1243 3883 1330 3938 rebus
1355 3881 1520 3938 istiusmodi
1545 3885 1768 3957 cogitai·c?quae

71 3981 137 4039 absit
150 3984 184 4037 ut
200 3995 255 4053 pro
271 3973 454 4032 demonibus
469 3971 602 4028 Christus
617 3988 723 4044 passus
746 3971 793 4037 sit,
811 3989 846 4027 nc
860 3975 890 4028 et
943 3971 1097 4044 gigantum
1109 3970 1224 4026 insania
1234 3976 1294 4026 tam
1306 3970 1423 4040 rebellis
1433 3971 1585 4041 exstitit,et
1596 3977 1704 4026 turrem
1717 3973 1769 4028 im·

72 4067 121 4142 ipss
132 4069 251 4125 damon
268 4064 371 4120 liatllt
384 4061 435 4135 qui
450 4061 506 4117 hoc
521 4062 654 4127 eredunt,
667 4077 784 4117 rursum
795 4059 888 4116 cruci·
944 4061 1226 4134 pietatisexstruxiti
1235 4078 1297 4132 qaia
1306 4059 1766 4127 libidolasciviensetdarmonum

10 4188 12 4229 t
71 4156 152 4231 ligant
165 4160 197 4214 et
221 4151 353 4211 ostentui
376 4150 485 4207 habent
500 4148 606 4204 Filium
622 4148 684 4215 Dei,
701 4149 751 4222 qui
776 4165 889 4222 nequa·
944 4164 1043 4205 amore
1058 4147 1220 4221 deperiens,
1233 4147 1275 4203 sic
1293 4148 1426 4203 universe
1448 4148 1577 4219 dogmati
1602 4149 1767 4204 transeunti

10 4242 13 4261 ¹
70 4260 144 4318 quam
156 4250 191 4302 ut
207 4257 311 4300 semen
326 4237 449 4295 Abrahae
474 4236 676 4310 apprehendit,
692 4237 733 4293 ita
758 4241 889 4293 assumet
944 4235 1146 4293 divaricaverit
1161 4253 1247 4292 crura
1261 4235 1367 4291 mentis
1384 4236 1462 4292 suae?
1477 4236 1547 4301 Quis
1569 4235 1717 4292 intantum
1734 4237 1769 4294 de

72 4338 90 4390 et
102 4335 281 4401 damonum,
294 4332 328 4385 ut
341 4345 394 4401 pro
410 4325 469 4384 illis
484 4342 600 4398 quoque
615 4325 814 4398 crucifigatur.
831 4325 889 4381 Nec
903 4347 928 4415 D
943 4325 1122 4383 sodomitica
1136 4325 1219 4381 vinea
1234 4325 1318 4390 bibit,
1335 4329 1368 4380 ut
1390 4324 1552 4381 inebriatus
1574 4325 1641 4382 vino
1663 4326 1770 4382 luroris

74 4421 206 4480 demones
221 4435 276 4494 pro
294 4417 434 4484 se,Deum
450 4415 480 4470 in
496 4415 631 4487 passione
646 4418 807 4481 cernentes,
820 4431 888 4469 cum
943 4415 1008 4487 ejus
1021 4416 1082 4469 toto
1097 4414 1183 4469 corde
1199 4412 1376 4469 conciderit?
1393 4413 1463 4482 Quis
1487 4414 1711 4488 babyloniorum
1729 4416 1770 4472 ita

75 4511 203 4584 propheta
216 4507 389 4566 clamabunt
404 4521 411 4561 :
427 4505 478 4560 llic
489 4512 597 4575 peccata
610 4511 704 4559 nostra
720 4505 847 4574 pertavit,
863 4509 889 4559 ct
943 4503 1099 4559 fluminum
1114 4501 1279 4576 gurgitibus
1303 4501 1442 4575 irrigatus
1467 4504 1546 4560 vives
1572 4504 1659 4561 lsrael
1675 4505 1770 4561 sontes

76 4599 197 4669 inmte
207 4597 294 4662 dotet;
305 4608 400 4666 neque
414 4608 482 4648 cum
497 4590 574 4647 lsaia
588 4589 686 4647 dicent
702 4606 709 4644 ε
726 4592 820 4648 Licere
830 4592 888 4664 ejas
943 4589 1079 4663 reliquit?
1093 4589 1160 4663 quis
1175 4590 1327 4663 egrediens
1337 4591 1372 4647 de
1391 4591 1553 4648 Jerusalem
1572 4597 1601 4648 et
1614 4593 1768 4650 Jerebeam

78 4690 153 4745 asab
166 4702 264 4745 samus
279 4684 343 4758 (lac.
356 4683 468 4753 a111,5);
487 4697 540 4736 uec
551 4695 602 4752 pro
613 4678 890 4751 damonibus,sicut
944 4680 996 4736 filii
1010 4680 1123 4735 Nabath
1143 4679 1274 4736 imitator
1287 4680 1426 4746 existens,
1438 4684 1480 4737 tot
1495 4699 1627 4740 errorum
1643 4684 1766 4739 fabrica·

79 4789 119 4845 pra
128 4774 282 4833 hominum
294 4787 410 4846 genere,
419 4771 498 4843 paesi
510 4770 567 4825 ouis
583 4768 705 4824 Christus
729 4768 842 4824 ducetur
855 4768 890 4824 ed
943 4774 993 4825 tus
1006 4767 1110 4824 altaria
1122 4772 1176 4836 est,
1188 4774 1217 4824 et
1232 4785 1349 4824 ararum
1366 4771 1488 4841 prolana
1502 4772 1588 4827 thura
1597 4771 1768 4827 succendit?

81 4864 211 4933 aeduam
234 4878 289 4918 nec
318 4875 369 4932 pre
396 4874 496 4914 eorum
526 4856 620 4913 salute
637 4856 760 4921 dicetur,
779 4859 890 4929 proprio
945 4857 1174 4913 GurDathanet
1192 4857 1369 4929 Abirou,qui
1392 4859 1506 4915 minora
1526 4863 1692 4932 peccarunt,
1711 4875 1768 4913 non

81 4950 136 5009 lilia
148 4970 205 5010 nen
217 4950 353 5025 pepercit3
369 4946 439 5020 quia
458 4962 510 5003 nec
534 4947 680 5003 daemones
695 4944 866 5001 clamabunt
882 4962 889 5002 z
944 4947 1061 5002 venient
1075 4950 1143 5002 ante
1157 4945 1285 5002 tribuual
1302 4946 1462 5014 christini
1476 4948 1521 5003 siri
1538 4965 1604 5003 eum
1621 4963 1770 5018 compara-

83 5039 192 5098 lraditas
220 5047 263 5096 est
282 5053 334 5111 pro
354 5036 470 5109 peccatis
493 5037 603 5099 coreb,
619 5042 645 5090 et
672 5036 826 5090 resurrexit
840 5050 891 5107 pro
943 5035 1023 5090 tione
1039 5035 1249 5104 condemnent,
1257 5035 1306 5107 qui
1329 5040 1410 5090 extra
1434 5035 1592 5091 Ecclesiam
1609 5034 1768 5093 Salvatoris

79 5128 259 5202 indicatione
270 5135 374 5183 nostra
392 5123 500 5180 Paulus
514 5123 631 5196 quidem
647 5123 800 5196 perspicue
820 5121 891 5177 seri·
944 5123 1091 5179 variarum
1120 5123 1318 5179 doctrinarum
1349 5123 1499 5178 thuribula
1527 5123 1669 5180 diabolico
1702 5124 1770 5199 igne

82 5213 133 5274 bit:
150 5216 264 5275 Tradidi
275 5215 439 5273 enimvobis
453 5215 485 5269 in
498 5214 596 5285 primis
620 5213 690 5285 qaod
710 5213 810 5284 accepi,
826 5213 893 5285 qaia
946 5211 1119 5284 complerat
1134 5212 1233 5285 Neque
1248 5211 1326 5267 enim
1343 5211 1485 5266 Dominus
1501 5211 1549 5281 qui
1573 5211 1703 5284 loquitur
1718 5229 1770 5285 per

82 5301 189 5362 ibrr'ctae
205 5311 329 5360 mortuas
351 5309 392 5358 ert
411 5316 462 5373 pro
482 5300 598 5372 peccetis
618 5301 718 5356 nostris
745 5299 894 5356 secandam
946 5299 1117 5371 prophetam
1133 5317 1139 5354 ε
1156 5301 1211 5370 Epo
1239 5300 1357 5356 oisiimes
1384 5299 1580 5369 rnnltipticnvi.
1603 5309 1628 5357 et
1656 5303 1687 5357 in
1709 5321 1770 5359 ma·

83 5390 222 5467 Scripturas
235 5396 264 5464 (1
277 5391 337 5449 Cor.
354 5390 411 5462 xv).
428 5387 495 5446 lllas
511 5389 541 5443 iu
557 5389 759 5445 testimenium
774 5405 891 5457 vocans,
947 5389 1029 5445 aibas
1051 5388 1244 5459 prophetarem
1272 5389 1441 5444 assimilatas
1469 5404 1530 5443 sam
1557 5390 1628 5459 (Ore.
1654 5408 1693 5457 xi,
1714 5394 1772 5466 10),
