3810 6098
92 246 155 314 ili·
453 251 505 318 DE
525 251 905 318 eaeousttua'rtouu
926 248 1186 318 utssuurento
1207 253 1440 322 possituros.
1737 256 1804 331 Μ

92 401 188 443 veram
198 383 491 461 cognitionem,nihil
502 387 597 462 magis
606 388 632 445 ei
643 388 779 461 congruit
793 387 843 461 qui
859 405 919 461 poe-
935 387 962 454 Α
977 387 1071 461 (epist.
1089 389 1133 457 10)
1149 405 1156 445 :
1174 411 1188 438 e
1205 389 1314 446 Studeo
1336 391 1427 464 quieti
1443 391 1602 463 catholice,
1619 395 1721 454 studeo
1733 413 1799 470 per·

93 475 246 534 dentiam
261 475 457 549 gessit,quam
474 477 595 533 castitas
606 493 795 549 perseverans
806 481 833 532 et
843 493 923 532 men·
976 480 1073 535 euntis
1089 479 1186 550 satuti,
1203 480 1227 535 si
1244 485 1342 537 tamen
1357 480 1480 537 voluerit
1494 483 1697 555 aegritudinem
1713 487 1801 543 contl-

94 567 128 624 tis
136 570 168 622 ει
178 565 323 637 corporis.
337 589 348 614 ι
367 565 415 622 Sic
430 570 459 621 et
474 567 509 622 de
524 565 571 622 his
587 566 720 639 utrisque
735 567 837 621 t'ormis
852 565 920 620 item
976 569 1040 623 teri.
1058 569 1139 634 Quod
1156 569 1220 624 ideo
1232 569 1368 637 dicimus,
1382 586 1418 625 ne
1428 569 1533 626 volenti
1545 588 1576 627 ee
1586 574 1729 647 corrigere
1742 576 1799 631 ior-

93 653 282 714 lnnocentius
298 655 335 710 ed
352 655 526 711 Macedones
541 655 695 727 episcopos
712 655 814 710 scribit
827 656 921 727 (epist.
977 657 1053 713 sitan
1065 659 1167 713 deesse
1181 657 1342 714 videamur.
1359 658 1433 715 Nem
1448 663 1476 714 et
1491 659 1515 715 si
1532 660 1617 716 nobis
1633 662 1802 719 sustinenti-

94 744 133 815 to)
147 761 154 799 :
169 743 346 800 «pervideat
365 759 433 816 ergo
454 743 569 800 dilectio
587 748 683 799 vestra
696 743 838 800 hactenus
852 743 923 799 talia
977 745 1033 802 bus
1043 762 1140 812 uvam,
1152 746 1252 819 spinas
1263 747 1318 802 sibi
1331 747 1647 820 addiderit,impleatur
1662 749 1804 806 manenti·

94 832 284 901 transisseet
299 833 441 888 advertite
456 833 534 904 quod
550 832 652 904 utique
668 836 701 887 ut
715 831 812 887 dicitis
823 848 922 888 neces·
977 836 1033 891 bus
1044 835 1164 891 statutis
1178 835 1325 907 prioribus
1336 836 1381 892 sui
1398 837 1494 892 iruetu
1506 836 1803 911 judicii,colligatque

94 921 166 980 dtas
181 921 348 995 imperavit,
365 921 395 976 in
411 938 481 993 pace
492 923 556 994 jam
579 921 755 978 constitutas
779 920 923 977 Ecclesiae
977 925 1055 996 quod
1068 924 1149 979 sulco
1165 923 1308 981 diabolico
1319 923 1545 992 seminavit,non
1558 931 1658 982 nostro
1669 926 1802 993 consilio,

95 1028 149 1070 non
162 1026 355 1084 presumere.
368 1010 423 1067 Sed
435 1014 468 1065 ut
477 1026 553 1082 saepe
565 1009 681 1076 accidit,
690 1009 924 1082 quotiescunque
977 1014 1028 1070 sed
1044 1031 1075 1070 se
1090 1013 1237 1087 periturus
1257 1019 1385 1070 auctore.
1402 1015 1508 1071 Probet
1521 1032 1575 1072 nos
1587 1013 1700 1071 veloces
1715 1016 1804 1088 pedes

95 1100 241 1175 apopulis
256 1104 309 1156 aut
323 1115 341 1154 a
355 1100 443 1155 turba
457 1103 603 1172 peccetur,
614 1097 684 1171 quia
698 1099 728 1154 in
743 1115 845 1154 omnes
859 1115 923 1170 pro-
978 1104 1014 1160 ed
1025 1104 1236 1160 etlundendum
1247 1103 1420 1177 sanguinem
1432 1120 1489 1159 non
1501 1102 1804 1177 bebere,quendosibi

96 1195 155 1266 pter
169 1188 399 1247 multitudinem
429 1206 487 1245 non
512 1193 609 1262 potest
628 1188 779 1255 vindicari,
796 1189 924 1244 inultum
978 1191 1065 1249 etiem
1083 1193 1244 1248 remedium
1261 1196 1419 1265 cognoscat
1440 1192 1583 1249 oblatum.
1602 1215 1616 1243 e
1632 1195 1667 1249 Et
1682 1194 1759 1250 Eede
1774 1191 1803 1247 in

96 1276 500 1351 aolettransire.Prioraergo
511 1276 688 1333 dimittenda
702 1278 766 1334 dico
783 1278 833 1335 Dei
844 1278 925 1351 J‘udi·
978 1281 1125 1338 sententia
1139 1281 1284 1354 Evangelii
1302 1282 1386 1336 Luce
1401 1280 1472 1336 dicit
1482 1282 1561 1353 (tue.
1578 1298 1620 1348 nr,
1634 1283 1678 1354 ll)
1695 1298 1702 1338 τ
1720 1304 1734 1332 e
1750 1285 1803 1350 Ite,

97 1368 181 1434 eio‚ct
195 1367 233 1424 de
249 1366 362 1440 reliquo
378 1366 506 1423 maxima
521 1365 749 1422 sollicitudinem
766 1384 926 1439 pracaven-
979 1369 1805 1444 inquiens,osteudiaeeorrecerdouoer.1vutlumDomi·

97 1459 196 1514 dum.»
212 1457 250 1513 Et
265 1455 417 1530 eliquanto
432 1454 590 1528 superius:
607 1478 621 1506 «
638 1456 712 1527 Ergo
728 1457 805 1529 quod
818 1474 870 1529 pro
886 1474 928 1514 re·
980 1478 1036 1515 nns
1048 1476 1159 1524 eorum,
1172 1459 1280 1531 quibus
1295 1458 1355 1514 haec
1371 1458 1535 1531 corporalia
1547 1457 1682 1530 prestitit
1696 1460 1805 1516 beneti-

97 1544 192 1604 medio
207 1563 243 1603 ac
256 1545 432 1601 necessitate
445 1544 587 1617 temporis
602 1548 746 1600 statutum
758 1551 803 1600 est
813 1550 927 1602 constat
979 1549 1185 1605 ciainvenitur
1199 1546 1316 1604 misisse
1331 1549 1367 1603 ad
1383 1546 1635 1613 sacerdotem,nisi
1649 1546 1780 1620 leprosos
1796 1565 1804 1604 ε

98 1635 237 1710 primitus
248 1651 308 1690 uon
319 1632 421 1700 tuisse,
434 1649 467 1689 ae
482 1633 574 1689 luisse
589 1632 706 1706 regulas
720 1638 841 1701 veteres,
853 1652 927 1707 quas
980 1639 1050 1712 quie
1064 1638 1200 1711 quisquis
1215 1636 1259 1693 vel
1275 1636 1412 1693 haeretica
1436 1634 1589 1708 pravitate,
1604 1635 1648 1692 vel
1661 1636 1806 1708 supersti-

98 1725 130 1782 ab
145 1721 294 1796 apostolis
319 1727 371 1779 aut
388 1722 557 1795 apostolicis
571 1721 642 1779 viris
656 1723 779 1779 traditas
798 1724 926 1781 Ecclesia
939 1758 965 1824 B
979 1728 1058 1784 tione
1074 1726 1184 1800 gentili,
1198 1724 1243 1781 vel
1267 1725 1391 1782 iudaice
1413 1723 1547 1797 pertidia,
1560 1724 1603 1786 vet
1624 1723 1712 1780 etiem
1727 1725 1805 1780 schi-

99 1814 234 1871 Romane
248 1812 387 1879 custodit,
404 1812 670 1884 custodiendasque
686 1813 806 1868 mandet
817 1812 926 1886 hisqui
980 1820 1073 1874 emate
1101 1817 1239 1882 fraterno,
1266 1813 1350 1887 quasi
1380 1812 1459 1869 vario
1485 1812 1581 1869 colore
1609 1829 1661 1885 per
1688 1812 1804 1870 Domini

100 1919 160 1960 aem
177 1901 284 1958 audire
298 1906 524 1957 consueverunt.
541 1902 596 1957 Sed
614 1902 772 1957 necessitas
786 1903 926 1974 temporis
980 1905 1105 1980 gratiam
1121 1905 1225 1971 caruit,
1242 1920 1362 1959 necesse
1386 1907 1431 1958 est
1455 1903 1491 1957 ad
1516 1901 1675 1957 Ecclesiam
1697 1902 1804 1971 veniat,

101 1993 126 2049 id
140 1991 205 2048 fieri
236 2005 415 2063 magnopere
444 1989 621 2061 postulabat.
638 1991 712 2063 Ergo
732 1992 808 2063 quod
830 2007 927 2047 neces·
980 1994 1166 2067 coloremque
1181 1993 1248 2048 fidei
1259 2006 1459 2064 verumquem
1475 1990 1620 2063 acceperit
1633 1991 1778 2046 ostendet.
1791 2011 1806 2039 u

102 2081 169 2139 ritas
212 2096 266 2153 pro
309 2077 437 2135 remedio
479 2078 595 2151 reperit,
626 2084 759 2135 cessante
802 2082 927 2137 necessi·
980 2086 1016 2141 Et
1028 2084 1118 2139 item:
1141 2084 1271 2138 «Novem
1285 2081 1384 2153 itaque
1399 2078 1531 2151 indigent
1546 2095 1615 2146 uno,
1631 2082 1663 2133 ut
1678 2078 1807 2150 quadem

102 2174 155 2227 tate
174 2169 265 2226 debet
290 2167 392 2241 utique
421 2184 535 2224 cessare
558 2167 669 2239 pariter
691 2170 768 2240 quod
793 2171 925 2242 urgebat,
981 2173 1104 2229 unitatis
1129 2173 1223 2227 torma
1248 2168 1448 2242 coagulentur,
1465 2168 1608 2224 etdecem
1624 2166 1693 2223 sint.
1709 2166 1807 2223 Unum

104 2257 257 2332 quisalius
268 2261 315 2313 est
334 2256 405 2312 ordo
425 2255 583 2328 legitimus,
596 2255 654 2311 elia
668 2259 821 2330 usurpatio
836 2276 925 2331 quam
981 2266 1151 2319 autem'ncn
1162 2259 1204 2315 eis
1220 2258 1332 2331 indiget
1344 2261 1375 2312 ut
1385 2255 1531 2312 custodiet
1545 2254 1809 2321 unitatemouem·

104 2347 136 2405 ad
147 2362 278 2420 presens
290 2344 353 2401 fieri
365 2348 482 2416 tempus
493 2343 626 2415 impellit.
637 2367 650 2395 o
663 2346 699 2400 Et
709 2352 829 2402 sanctus
844 2346 926 2402 Gela·
981 2352 1081 2407 obrem
1098 2352 1130 2404 ut
1145 2365 1222 2404 unus
1236 2345 1285 2402 ille
1300 2346 1350 2418 qui
1367 2345 1476 2418 gratias
1492 2343 1552 2417 egit
1569 2343 1661 2399 unicae
1672 2343 1807 2400 Ecclesia

105 2437 209 2494 eiusad
222 2450 326 2492 omncs
340 2431 499 2506 Episcopus
513 2433 652 2504 (spone),
670 2434 705 2489 dc
720 2433 863 2491 institutis
878 2453 927 2493 ec·
982 2439 1195 2514 significatione
1207 2437 1385 2510 approbatus
1396 2439 1484 2507 atque
1495 2433 1631 2489 laudatus
1642 2437 1697 2501 est,
1708 2431 1750 2489 ita
1765 2432 1807 2489 illi

106 2523 273 2584 elesiasticis
284 2523 431 2578 moderato
441 2538 494 2594 pro
505 2525 671 2594 temporum
682 2523 926 2598 qualitatedispo·
982 2547 1086 2586 novem
1112 2528 1161 2601 qui
1186 2524 1295 2599 gratias
1320 2541 1377 2579 non
1400 2526 1533 2596 egerunt,
1549 2521 1663 2594 reprobi
1679 2521 1773 2577 etiecti
1790 2538 1808 2578 e

105 2611 358 2690 eitisitacupitulo
374 2611 502 2667 secundo
515 2611 587 2667 dicit
603 2629 609 2667 :
628 2611 756 2668 «Priscis
771 2613 861 2687 igitur
875 2632 927 2687 pro
982 2618 1129 2674 consortio
1154 2615 1277 2671 unitatis
1301 2611 1410 2668 exclusi
1437 2615 1517 2668 sunt.
1534 2610 1659 2683 ideoque
1677 2609 1753 2666 tales
1776 2609 1807 2673 in

106 2704 148 2761 sui
160 2702 322 2759 reverentia
331 2700 519 2756 manentibus
534 2700 778 2774 constitutisque
788 2703 836 2758 ubi
847 2704 928 2760 nulla
983 2706 1137 2764 novenario
1149 2718 1272 2759 numero
1282 2706 1423 2773 tanquam
1434 2697 1595 2771 imperfecti
1604 2699 1805 2767 remanebunt;

102 2792 145 2849 vel
154 2808 252 2848 rerum
260 2790 304 2846 rel
313 2795 480 2862 temporum
496 2793 633 2863 perurget
647 2790 929 2865 angustiarcguleri·
983 2802 1011 2854 et
1026 2796 1130 2852 merito
1146 2811 1195 2849 eos
1209 2791 1341 2848 Salvator
1355 2788 1440 2862 quasi
1457 2788 1588 2859 ingratos
1611 2787 1662 2842 ubi
1679 2791 1748 2842 sunt
1761 2787 1807 2842 in·

109 2880 298 2939 terconreuit
326 2877 478 2935 custodiri.
496 2900 510 2926 u
526 2880 560 2934 Et
575 2877 697 2951 reliqua.
713 2880 769 2936 Sed
784 2885 813 2936 et
828 2881 856 2936 in
873 2883 928 2938 hoe
983 2885 1082 2960 quirit.
1100 2884 1179 2940 Scire
1195 2880 1245 2936 oei
1261 2878 1377 2952 eligere,
1395 2876 1507 2932 nescire
1536 2876 1691 2948 reprobare
1719 2879 1774 2931 est.
1791 2898 1805 2925 e

107 2969 271 3044 recepitulo
282 2972 412 3040 utraque
423 2968 485 3022 istae
500 2967 600 3022 forme
614 2972 895 3039 monstrantur,eum
912 2990 930 3027 a
982 2977 1018 3032 Et
1034 2973 1172 3047 quoniam
1197 2965 1368 3042 hujusmodi
1393 2963 1504 3020 bomini
1528 2963 1609 3019 nulla
1627 2979 1717 3036 opera
1730 2964 1807 3019 bona

106 3059 188 3116 beato
200 3057 358 3115 Caelestino
377 3056 523 3129 protertur
534 3057 629 3130 (epist.
640 3057 682 3113 ud
696 3059 861 3115 Nestorium
875 3063 928 3117 rao
984 3062 1107 3138 prosint,
1120 3061 1243 3132 Prosper
1252 3074 1286 3114 ex
1295 3055 1391 3112 verbis
1401 3052 1494 3110 sancti
1513 3050 1669 3126 Augustini
1685 3051 1715 3107 in
1731 3050 1806 3107 libro

106 3148 223 3222 finem:
255 3147 355 3213 «Nos,
386 3145 494 3218 inquit,
524 3150 552 3201 et
578 3147 655 3219 quod
685 3152 787 3203 eontra
814 3150 859 3206 ias
884 3125 1807 3220 esthententiarum,cepite124,dieit:«N0neunt0pere

107 3236 191 3295 etiam
207 3236 374 3294 sacerdotes
398 3234 534 3290 volumus
560 3252 624 3291 esse
650 3240 804 3305 correctos,
821 3239 929 3310 quibus
984 3244 1069 3310 bona,
1083 3238 1139 3295 nisi
1151 3255 1214 3310 quaa
1226 3236 1375 3308 perfidem
1391 3238 1420 3290 et
1434 3230 1619 3288 dilectionem
1636 3231 1720 3298 irunt,
1737 3229 1807 3302 quia

107 3327 181 3384 sicut
206 3325 361 3400 premisse
385 3323 563 3380 correctione
586 3325 779 3394 consulimus,
796 3329 835 3384 ite
851 3332 928 3388 Mil
984 3332 1108 3389 alterum
1124 3328 1187 3384 sine
1203 3324 1294 3381 altero
1310 3324 1387 3381 850
1401 3320 1512 3376 nullius
1535 3319 1653 3374 virtutis
1678 3319 1806 3375 lructum

106 3416 134 3472 in
162 3416 217 3472 bos
246 3430 365 3470 necesse
395 3417 440 3469 cst
464 3414 661 3470 damnationis
690 3417 874 3489 sententiam,
905 3420 929 3476 si
984 3420 1070 3494 parit.
1088 3441 1102 3467 s
1118 3418 1158 3472 De
1173 3412 1319 3491 baptismo
1343 3411 1432 3467 etiem
1455 3409 1533 3465 Beda
1547 3407 1576 3463 in
1591 3406 1715 3480 epistola
1729 3406 1806 3463 Petri

106 3505 268 3562 abutuntur
281 3506 383 3560 nostra
395 3501 506 3558 salubri
522 3502 730 3571 admonitione,
748 3506 928 3565 firmemus.»
983 3510 1072 3566 dicit:
1087 3506 1192 3573 «Quod
1218 3519 1286 3576 ergo
1306 3518 1383 3573 aqua
1398 3497 1499 3556 diluvii
1516 3513 1573 3552 nou
1591 3496 1711 3552 salvavit
1726 3500 1807 3552 extre

107 3597 299 3650 &canonum
312 3595 410 3648 eutem
422 3589 617 3664 iormis,quas
627 3592 747 3664 quidem
764 3611 821 3650 non
832 3602 929 3654 etten-
983 3615 1081 3656 arcam
1098 3593 1208 3668 positos
1223 3591 1274 3648 sed
1289 3589 1404 3655 occidit,
1417 3587 1481 3643 eine
1496 3586 1585 3642 dubio
1600 3586 1807 3657 praefigurabat

89 3683 204 3739 ‘dentes
215 3680 354 3737 solertius
369 3680 581 3737 ecclesiasticas
598 3681 930 3752 regulasintcrseautu-
983 3704 1099 3746 omnem
1116 3681 1294 3747 haereticum,
1311 3678 1379 3733 lieet
1393 3675 1547 3732 habentem
1561 3673 1748 3746 baptismatis
1764 3689 1808 3728 se·

108 3775 183 3826 ment
199 3768 380 3836 discordare,
395 3786 458 3841 quae
473 3773 502 3825 et
516 3773 587 3841 quot
601 3769 703 3836 sint,ct
717 3787 791 3843 quas
806 3773 927 3847 singule
983 3779 1177 3838 aramentum,
1193 3786 1251 3826 non
1281 3767 1346 3823 aliis
1371 3765 1420 3821 sed
1446 3763 1519 3836 ipsis
1542 3762 1627 3834 aquis
1642 3762 1677 3817 ed
1693 3761 1807 3818 interne

108 3875 249 3916 moenum
266 3857 501 3930 complectentur
515 3856 760 3930 sententias,quia
769 3877 889 3934 sagaces
900 3868 929 3919 ct
983 3862 1185 3936 mergendum,
1203 3859 1311 3931 quibus
1335 3871 1403 3910 arca
1421 3851 1590 3908 sublevatur
1604 3850 1639 3905 ad
1656 3849 1772 3905 coelum.
1791 3871 1806 3900 e

109 3947 228 4004 studiosi
244 3963 303 4002 non
320 3945 461 4019 indigent,
476 3945 588 4001 devotis
602 3949 689 4017 etque
704 3946 927 4020 simplicibua,si
982 3956 1018 4011 Et
1046 3953 1170 4023 Prosper
1198 3948 1228 4002 in
1255 3945 1329 4001 libro
1359 3939 1586 4007 Sententiarum,
1612 3938 1706 4011 cupite
1729 3940 1805 3995 324:

109 4036 245 4093 Dominus
261 4035 390 4108 spatium
405 4038 433 4089 et
447 4032 540 4090 otium
553 4034 753 4108 dederit,quod
770 4037 864 4110 gretia
874 4057 928 4095 sua
983 4066 997 4094 a
1010 4034 1249 4112 liegenerutionis
1264 4033 1388 4106 gratiam
1409 4027 1547 4085 itaetiem
1559 4026 1588 4081 hi
1599 4043 1657 4082 non
1669 4025 1808 4082 minuunt
1882 4062 1889 4077 .

110 4125 185 4182 nobis
201 4122 375 4186 ostenderit,
386 4121 464 4178 sicut
477 4122 612 4178 doctrina
626 4124 835 4196 magistrorum
851 4145 928 4184 acce
982 4130 1032 4204 qui
1045 4130 1109 4201 ejus
1119 4127 1196 4181 dona
1206 4139 1264 4179 non
1283 4115 1588 4183 sorvent,sicut1ucis
1603 4114 1727 4169 nitorem
1743 4114 1807 4170 loca

111 4213 343 4285 pimus‚seribere
358 4211 499 4284 temporis
514 4228 652 4284 processu
669 4212 929 4289 disponimus,qui·
982 4217 1136 4276 immunde
1150 4231 1208 4268 non
1223 4210 1347 4284 polluut.
1365 4207 1418 4274 Qui
1444 4222 1512 4277 ergo
1536 4205 1647 4277 gaudes
1666 4203 1805 4274 baptismi

112 4299 459 4368 brunihildiscors,nihil
476 4300 532 4356 sibi
549 4300 928 4361 dissidensinsocrisoano·
981 4304 1176 4382 perceptione,
1193 4299 1255 4356 vive
1284 4299 1313 4354 in
1343 4297 1409 4353 novi
1437 4293 1566 4350 bominis
1594 4289 1759 4358 sanctitate,
1776 4295 1806 4347 et

115 4389 188 4449 uibus
204 4391 296 4448 lector
310 4389 434 4464 quilibet
453 4388 589 4445 facillime
611 4388 718 4445 valebit
744 4391 925 4462 dignoscere.
981 4403 1085 4454 tenens
1098 4393 1184 4449 fidem
1201 4406 1264 4462 quae
1281 4404 1332 4460 per
1355 4382 1540 4442 dilectionem
1567 4383 1714 4453 operatur,
1730 4378 1806 4436 hebo

115 4477 217 4553 Sedpro
225 4484 394 4552 temporum
405 4478 544 4533 varietate
555 4481 583 4533 et
596 4485 855 4554 causarum,atquc
866 4500 926 4540 me·
942 4493 965 4557 1)
981 4486 1091 4541 bonum
1107 4480 1183 4554 quod
1201 4477 1332 4533 nondum
1353 4474 1453 4538 habes,
1471 4476 1504 4527 ut
1518 4468 1611 4543 prosit
1626 4468 1678 4525 tibi
1694 4469 1805 4525 bonum

116 4564 247 4624 ditatione
275 4568 457 4633 morborum,
475 4583 526 4639 per
554 4566 669 4622 diversa
697 4584 816 4641 organa,
833 4576 867 4627 ut
890 4573 926 4629 ab
981 4571 1188 4646 quodminus.»
1202 4564 1274 4632 Quia
1289 4579 1342 4618 nec
1355 4559 1532 4618 sacrificium
1549 4558 1590 4613 illi
1606 4561 1652 4614 est
1666 4557 1804 4614 salutare.

117 4657 188 4714 unico
211 4654 370 4730 multiplici
396 4654 509 4727 prolata
537 4654 653 4727 spiritu,
671 4662 928 4729 cuncteconsona,
983 4664 1064 4719 ldcm
1080 4664 1204 4728 Prosper
1218 4655 1247 4709 in
1261 4653 1362 4710 eodem
1378 4650 1452 4706 libro
1468 4648 1563 4723 capite
1579 4647 1805 4720 decimoquinto

118 4751 206 4803 cuucta
220 4745 348 4818 reperiet
368 4743 519 4817 temporis,
536 4744 729 4812 necessitatis,
747 4751 834 4819 etque
846 4747 928 4805 iniir-
982 4749 1053 4806 dicit
1065 4765 1071 4803 :
1084 4771 1098 4798 «
1111 4743 1249 4817 Quisquis
1265 4742 1337 4798 bene
1362 4739 1470 4813 cogitet
1492 4739 1563 4811 quid
1579 4738 1637 4794 Deo
1652 4741 1762 4808 voveat,
1777 4741 1807 4793 et

119 4831 927 4895 nitetiscausaeeonvenientie.Utienimneeessitatumoc
982 4857 1047 4913 quae
1062 4841 1129 4892 rota
1144 4831 1300 4907 persolvet,
1311 4830 1441 4902 seipsum
1456 4832 1558 4885 voveat
1572 4831 1600 4883 et
1615 4827 1735 4883 reddat:
1750 4826 1805 4882 boc

119 4921 265 4996 temporum
283 4922 468 4995 inequalitas
481 4921 709 4995 opportunitatis
725 4923 927 4994 postulateon·
980 4926 1116 5001 exigitur,
1132 4924 1187 4980 hoc
1198 4921 1330 4978 debetur.
1343 4919 1442 4991 lmago
1456 4916 1578 4974 Caesaris
1594 4916 1733 4972 reddatur
1745 4917 1804 4970 Cec-

120 5011 322 5082 mentiamur
335 5015 365 5066 et
378 5010 492 5066 diverse
512 5010 681 5066 morborum
697 5027 804 5083 genera
819 5020 928 5088 cogunt
980 5017 1049 5083 sari,
1067 5016 1164 5087 imago
1180 5011 1231 5067 Dei
1247 5010 1387 5066 reddatur
1402 5008 1470 5064 Deo.
1483 5007 1540 5063 Sed
1556 5005 1633 5060 sieut
1646 5002 1803 5058 videndum

120 5091 434 5170 invenire,sicutnotum
451 5104 506 5171 est,
518 5099 632 5156 diverse
643 5099 925 5160 medicamentorum
980 5104 1113 5177 estquod
1131 5102 1246 5162 citeras.
1263 5098 1304 5153 ita
1317 5097 1405 5153 etiam
1422 5092 1667 5153 considerandum
1691 5093 1737 5145 est
1751 5089 1802 5144 ubi

120 5189 308 5259 illillfflsssslss·
980 5195 1098 5251 otiores:
1108 5191 1178 5264 quia
1196 5187 1256 5244 veri
1273 5184 1407 5242 sacriticii
1422 5187 1503 5239 extra
1516 5177 1689 5235 catholicam
1706 5174 1802 5231 Eccle-

145 5277 195 5334 llll.
208 5279 288 5346 Ouod
306 5279 355 5351 qui
373 5283 439 5350 post
454 5277 532 5350 pravi
549 5278 654 5332 erroris
680 5278 924 5352 subscriptionem
980 5284 1055 5339 siem
1070 5281 1152 5337 loeus
1168 5295 1225 5333 non
1241 5280 1295 5332 est.
1312 5296 1326 5323 »
1342 5273 1416 5340 Quin
1430 5264 1657 5326 communicatio
1671 5264 1802 5336 corporis

120 5365 264 5423 orthodoxae
276 5368 344 5423 fidei
357 5368 497 5423 detrectat
506 5365 791 5425 subscribero‚etiarn
808 5372 925 5443 proprio
979 5366 1287 5443 etsanguinisChristi
1298 5359 1467 5434 hujusmodi
1483 5352 1595 5412 bomini
1606 5369 1663 5408 non
1675 5353 1712 5408 ad
1723 5352 1801 5408 salu·

119 5449 259 5525 sitjudieio
275 5457 501 5521 condemnatus,
517 5453 595 5510 idem
618 5459 739 5510 sanctus
752 5456 925 5517 Caelestinus
979 5466 1049 5528 tem,
1062 5459 1111 5515 sed
1124 5454 1313 5527 adjudicium
1332 5446 1456 5523 proiicit,
1468 5444 1498 5500 in
1509 5442 1611 5498 eodem
1621 5441 1696 5497 libro
1707 5440 1800 5498 isdem

118 5537 238 5602 incudem
254 5543 379 5617 epistole
394 5544 430 5600 ad
446 5543 581 5599 eumdem
598 5540 738 5614 eyriltum
754 5546 923 5620 episcopum
979 5551 1102 5620 Prosper
1117 5545 1211 5617 eapite
1226 5543 1278 5597 338
1293 5538 1382 5596 dicit:
1404 5559 1417 5584 e
1435 5534 1507 5590 Caro
1533 5529 1640 5589 Christi
1668 5530 1800 5590 fidelium
