3810 6098
107 305 149 379 55
576 299 770 363 atucuaal
794 299 1020 361 ananensis
1041 298 1350 361 aaefltaetsuart.
1435 292 1439 301 '
1778 301 1819 363 56

109 435 249 495 doctrine
261 431 582 509 illorumsubjicerefllt
592 429 801 503 quialibellum
813 430 849 485 de
860 429 932 485 scri·
946 429 1101 502 Aquinio,
1120 429 1197 485 unde
1210 433 1309 485 notam
1324 428 1409 485 nobis
1433 429 1518 500 quasi
1540 428 1627 484 tacite
1652 432 1681 484 et
1695 447 1712 486 e
1728 429 1820 486 latere

110 510 160 580 nlo
175 524 257 586 bonna
269 520 414 583 memerito
425 518 525 575 fratris
545 517 633 574 vestri
655 518 782 573 Lothorii
803 517 866 573 sinc
884 535 935 573 no·
990 517 1185 591 impegerunt,
1198 518 1273 589 quod
1283 516 1312 572 in
1325 516 1507 573 Gothescalci
1520 517 1639 589 scriptis
1649 516 1819 574 invenimus

112 595 192 680 mine
207 608 335 675 auctoris
350 605 546 680 suscepimus,
558 606 588 661 in
614 623 672 678 quo
696 606 868 679 singillatim
884 623 936 678 per
989 612 1145 679 postquam
1159 605 1288 678 capitula
1302 614 1427 678 quatuor
1443 622 1519 678 saepe
1541 609 1705 661 memorata
1719 624 1819 663 excer-

111 688 176 760 leca
188 697 306 772 singula
315 695 443 768 capitula
455 695 566 751 anobis
577 700 711 768 excerpta
721 698 791 750 sunt
801 695 937 766 positast
990 694 1150 767 psimus,ot
1160 694 1229 766 quid
1244 694 1310 748 iude
1321 693 1496 760 sentiamus,
1504 693 1628 749 Domino
1640 692 1819 767 inspirante,

109 782 937 857 assensuillius,quiscanqueilleluerit,reprchcnsasant
989 782 1131 838 dicemus.
1147 783 1182 838 tu
1198 783 1239 836 sic
1256 784 1373 837 tandem
1390 782 1583 854 subjiciemus
1598 781 1650 838 illa
1672 783 1823 841 decernet

109 878 139 943 et
163 875 311 939 damnata,
325 889 393 928 cum
416 873 451 928 de
473 871 683 928 catholicorum
707 871 825 926 Patrum
850 871 936 925 dictis
990 888 1040 927 sex
1050 871 1179 943 capitula
1194 888 1246 942 pro
1261 871 1369 942 quibus
1384 872 1420 927 de
1435 871 1589 927 Scotorum
1605 870 1740 943 pultibus
1751 890 1821 929 con-

111 966 213 1021 nostra
223 958 353 1035 capitula
363 959 388 1016 si
398 960 559 1033 poterimus
570 962 742 1024 confirmare
754 958 934 1025 curabimus,
991 961 1095 1016 iratres
1110 959 1213 1025 nostri,
1231 959 1295 1014 sine
1318 958 1405 1030 culpa
1423 963 1532 1026 nostra,
1549 959 1579 1014 in
1604 960 1659 1016 hac
1676 962 1825 1019 duntaxat

111 1049 206 1125 ipsius
216 1049 304 1106 etiam
320 1049 561 1120 reprehensiones
569 1065 722 1121 ponemus,
734 1052 762 1103 et
771 1064 830 1113 eas,
843 1064 935 1119 quan
990 1064 1079 1104 carisa
1094 1064 1146 1101 nos
1162 1064 1279 1119 pascere
1294 1047 1493 1112 decreverunt,
1508 1052 1537 1103 et
1560 1048 1632 1121 quid
1657 1050 1693 1104 de
1708 1049 1823 1106 eisdem

108 1134 174 1196 tum
190 1138 332 1194 Dominus
348 1137 469 1205 dederit,
481 1137 632 1193 confutare
647 1136 842 1192 studebimus.
854 1137 936 1191 'l'unc
990 1136 1128 1208 capitulis
1144 1135 1317 1202 sentiamus
1329 1152 1363 1191 ex
1371 1135 1582 1192 catholicorum
1598 1137 1824 1194 Patrumscnsi·

109 1227 229 1285 demum
240 1242 384 1302 ponemus
395 1227 431 1282 de
441 1225 569 1298 capitulo
577 1225 757 1282 confratrum
769 1229 935 1282 nostrorum
990 1225 1047 1281 hus
1061 1225 1260 1280 ostendemus.

640 1499 1279 1645 maumam

728 1723 993 1775 sacarertscerl
1016 1724 1208 1773 BREHENSlS

474 1862 775 1951 PBAEFATIO
806 1861 1232 1974 SUBSEQUENTIS
1263 1862 1460 1950 OPERIS

152 2121 260 2178 Omnes
275 2121 305 2175 in
321 2136 446 2192 quorum
462 2137 569 2175 manus
585 2118 639 2174 hoc
651 2117 760 2173 laboris
772 2119 863 2172 nostri
875 2136 944 2191 opu·
958 2122 982 2186 B
996 2121 1083 2174 ventu
1100 2120 1176 2192 apud
1194 2118 1348 2174 Bonoilum
1371 2120 1625 2193 transcripsimus,
1642 2128 1672 2178 et
1695 2128 1763 2196 post
1786 2141 1832 2180 re-

117 2209 232 2275 sculum
251 2207 373 2274 venerit,
390 2206 516 2281 supplici
542 2205 694 2264 devotione
718 2224 770 2279 per
793 2205 945 2262 charitatis
999 2206 1161 2263 versionem
1173 2209 1208 2264 de
1223 2206 1354 2263 tumultu
1370 2207 1532 2278 Brionensi,
1545 2211 1673 2282 quodam
1688 2212 1832 2270 offerente

115 2298 228 2355 viscere
242 2295 431 2372 postulamus
446 2300 478 2351 ut
489 2295 630 2367 quoniam
646 2295 682 2350 de
703 2294 776 2367 ipsis
797 2295 945 2351 schedulis
998 2295 1156 2361 clerico,ex
1170 2296 1277 2352 scrinio
1288 2297 1407 2366 libonis,
1421 2297 1498 2353 sicut
1520 2297 1583 2371 ipse
1606 2299 1729 2370 dixerat,
1746 2319 1833 2359 vene·

117 2384 298 2442 notariorum
319 2388 386 2440 ante
410 2383 656 2449 emendationem,
673 2383 801 2438 instante
826 2385 944 2440 douiino
999 2384 1100 2441 rabilis
1115 2384 1376 2457 Gratianopolitani
1401 2384 1530 2458 episcopi
1556 2388 1735 2461 accepimus,
1752 2390 1828 2447 inte-

118 2478 217 2532 nostro
233 2488 301 2548 rege
316 2471 428 2540 carolo,
445 2472 500 2528 sub
520 2470 668 2527 eeleritate
692 2471 763 2526 illud
788 2472 945 2528 transcribi
997 2489 1083 2548 grum
1099 2473 1146 2530 hic
1172 2491 1278 2546 ponere
1303 2474 1427 2547 dignum
1451 2474 1601 2544 duximus,
1615 2477 1686 2549 quia
1710 2483 1739 2535 et
1757 2496 1829 2536 con-

119 2561 253 2631 fecimus,
270 2566 299 2618 et
314 2561 421 2618 idcirco
436 2561 466 2616 in
482 2561 555 2618 locis
570 2560 706 2633 plurimis
721 2561 801 2617 eradi
812 2564 946 2618 etemcn·
998 2562 1160 2619 structione
1170 2568 1198 2618 et
1210 2579 1315 2619 sensus
1330 2563 1451 2619 veritate
1467 2567 1552 2621 caute
1570 2565 1690 2636 incedit,
1698 2569 1830 2640 exceptis

116 2651 182 2724 deri
192 2652 326 2725 quadam
339 2650 499 2706 necessitas
510 2649 784 2722 compulit,sinacta
795 2650 946 2707 occasione
999 2651 1115 2707 duobus
1131 2651 1212 2718 locis,
1229 2650 1383 2722 inquibus
1399 2669 1467 2708 eum
1481 2653 1522 2708 ita
1536 2653 1645 2710 dixisse
1661 2672 1718 2711 non
1734 2657 1831 2712 credi-

120 2739 228 2814 aliquis
239 2739 364 2797 remulus
380 2742 461 2796 recta
475 2738 543 2795 hinc
558 2738 691 2806 eraserit,
707 2740 736 2793 et
760 2740 833 2794 sorte
858 2756 946 2810 prava
999 2756 1067 2795 mus
1083 2739 1158 2794 sicut
1173 2740 1202 2794 in
1215 2757 1247 2795 co
1264 2740 1372 2812 scripto
1387 2739 1553 2798 invenimus
1564 2758 1653 2814 quem
1670 2744 1705 2799 de
1721 2745 1831 2804 scrinio

116 2823 604 2902 superinduxerit,autscriptorum
616 2826 763 2899 imperilia
774 2833 945 2883 seeustran·
1000 2827 1177 2884 venerabilis
1193 2828 1301 2883 Ebonis
1317 2829 1495 2903 accepimns,
1513 2847 1581 2886 cum
1595 2830 1626 2887 in
1642 2831 1709 2888 aliis
1729 2832 1770 2889 sic
1786 2851 1832 2889 ca-

117 2917 276 2991 seripserit,
293 2917 421 2974 alienum
445 2916 530 2972 nobis
552 2933 679 2972 errorem
705 2933 762 2971 non
786 2916 942 2989 imputent.
1001 2916 1110 2973 tholice
1127 2917 1242 2983 dixerit,
1259 2917 1337 2972 sicut
1360 2917 1471 2989 patebit
1492 2917 1681 2992 legentibus:
1699 2921 1829 2977 maxime

118 3006 174 3065 Sed
190 3006 311 3064 collecta
325 3007 373 3063 hic
395 3025 412 3063 a
435 3006 520 3062 nobis
545 3005 713 3062 testimonia
734 2996 944 3061 catb'olieorum
1000 3004 1071 3078 quia
1082 3005 1110 3060 in
1124 3007 1225 3061 eodem
1237 3005 1357 3077 scripte,
1368 3023 1456 3078 quem
1468 3023 1519 3078 per
1528 3024 1635 3064 manus
1646 3009 1757 3082 prelati
1771 3010 1830 3066 lle·

117 3094 318 3170 inspicientes,
327 3113 452 3170 quorum
464 3095 626 3152 doctrinam
639 3112 794 3165 sensu,orc
804 3099 832 3150 ct
843 3112 943 3160 manu,
1002 3090 1120 3158 riboldi,
1137 3094 1213 3149 sicut
1226 3093 1261 3147 ad
1277 3110 1307 3149 se
1322 3110 1339 3148 a
1353 3092 1491 3165 praedicto
1512 3094 1595 3151 Floro
1617 3097 1829 3153 transmissum

117 3188 261 3259 quamam
273 3182 945 3254 datDominus,sequimur‚autsupcrsemirata
999 3182 1177 3253 accepimus,
1195 3182 1280 3238 aliter
1295 3181 1493 3239 invenerimus
1509 3200 1597 3255 quam
1613 3183 1643 3239 in
1660 3184 1717 3240 isto
1739 3201 1830 3258 quern

118 3266 155 3329 ab
171 3272 291 3327 inimico
306 3270 418 3326 zizania
433 3271 462 3325 in
479 3271 576 3326 medio
592 3269 680 3325 tritici
701 3270 827 3325 evellant
841 3275 869 3325 et
884 3269 944 3325 col·
999 3273 1099 3342 postea
1114 3269 1290 3341 accepimus
1307 3269 1497 3342 reperiamus.
1514 3273 1577 3338 Qua
1591 3273 1626 3328 de
1641 3290 1671 3329 re
1686 3271 1828 3329 immula-

118 3358 222 3434 ligant,
237 3363 289 3416 aut
304 3358 328 3414 si
344 3361 459 3414 tantum
476 3357 613 3414 adhibere
629 3357 739 3429 dignati
757 3358 865 3413 luerint
879 3363 944 3414 stu·
998 3361 1060 3412 tum
1076 3359 1112 3413 ab
1123 3357 1220 3431 aliquo
1231 3359 1427 3431 suspicamur.
1437 3362 1505 3427 Quae
1516 3359 1826 3434 loca,antequamser·

45 3494 48 3499 .
117 3437 211 3517 dium,
227 3463 279 3520 per
293 3462 499 3519 quemcunque
514 3444 573 3500 illis
589 3444 731 3519 placuerit
745 3446 847 3517 paucis
866 3446 943 3503 litte·
999 3463 1115 3501 monem
1133 3445 1216 3501 illum
1234 3447 1549 3517 scribereadoriamur,
1563 3448 1728 3522 specialiter
1742 3449 1826 3507 desi-

116 3535 190 3593 rulis
214 3535 275 3591 hec
307 3534 526 3599 innotescendo,
539 3535 575 3590 dc
603 3533 739 3589 Ecclesiae
770 3534 943 3591 Rhomensis
998 3551 1088 3608 gnare
1104 3533 1283 3591 curabimus.
1297 3535 1350 3590 Ubi
1366 3534 1445 3591 enim
1461 3536 1587 3593 dicit:«
1600 3537 1656 3594 Sed
1671 3554 1830 3610 quosprae·

118 3623 235 3701 archivo
250 3625 328 3685 unde
351 3622 558 3690 dubitaverint,
576 3623 701 3678 relevare
726 3627 892 3694 procurent.
910 3626 945 3680 llt
998 3622 1257 3695 seivitetpraevidit
1268 3622 1361 3680 malos
1372 3624 1698 3698 atqueimpiost'uturos
1710 3626 1830 3698 proprio

43 3758 45 3763 .
118 3713 204 3789 etque
218 3711 380 3788 dignationi
398 3711 459 3766 haec
477 3727 539 3783 quae
562 3712 726 3782 sequuntur
751 3711 944 3767 transcribere
998 3711 1077 3779 vitio,
1094 3711 1156 3783 ipse
1179 3729 1229 3767 eos
1252 3711 1469 3783 praedestinavit
1496 3714 1533 3769 ad
1553 3718 1691 3770 aeternam
1707 3714 1829 3769 damna·

117 3792 336 3875 complacuerit,
352 3799 429 3854 hanc
444 3799 533 3854 etiam
548 3797 775 3870 postulationem
799 3800 944 3855 conscribi
997 3800 1328 3872 tinacmjustojudicio3
1342 3822 1355 3849 »
1367 3801 1396 3856 in
1411 3800 1463 3857 illa
1478 3800 1574 3858 rotula
1584 3801 1727 3875 scriptum
1737 3801 1829 3858 bahe-

117 3905 288 3964 quesumus
302 3887 400 3945 iaciat.
415 3890 482 3953 Quae
506 3887 572 3944 ideo
600 3886 727 3942 dicimus
746 3892 775 3943 ct
790 3904 944 3961 precamur
997 3893 1047 3945 tur
1060 3906 1149 3960 quam
1164 3888 1363 3945 deHeriboldo
1380 3889 1546 3962 accepimus
1563 3907 1570 3946 :
1588 3914 1602 3942 a
1620 3891 1677 3947 Sed
1691 3889 1761 3963 quia
1775 3899 1828 3948 eos

118 3978 257 4053 quoniam
272 3980 301 4033 et
315 3975 386 4033 olim
397 3975 564 4032 Nestorium
575 3974 942 4049 Constantinopolitanum‚
998 3977 1143 4051 prescivit
1157 3981 1185 4033 et
1200 3977 1331 4050 previdit
1358 3977 1450 4034 malos
1475 3984 1564 4052 atque
1589 3978 1695 4052 impios
1709 3980 1827 4036 futuros

117 4071 146 4145 et
160 4065 320 4123 linearium
331 4064 544 4122 Antiochenam
556 4064 779 4138 episcopum,de
790 4064 943 4137 scripturis
997 4065 1114 4139 proprio
1138 4065 1218 4133 vitio,
1235 4065 1450 4137 pradestinavit
1471 4068 1507 4123 ad
1538 4071 1677 4123 aeternam
1699 4068 1827 4123 damna·

117 4154 336 4233 authenticisac
347 4153 943 4226 sanctorumdictisquaedaminterrasisse
996 4155 1117 4223 tionem,
1130 4172 1189 4226 qua
1203 4153 1259 4227 ipsi
1275 4154 1451 4226 punirentur
1467 4156 1550 4227 justo
1568 4155 1692 4228 judicio.
1712 4178 1726 4205 υ
1743 4156 1779 4210 Et
1795 4156 1827 4212 in

116 4248 205 4320 atque
215 4244 381 4318 corrupisse
392 4242 583 4317 prodentibus
593 4240 683 4314 gestis
693 4242 943 4314 comperimusllt
996 4259 1029 4301 eo
1046 4243 1108 4299 loco
1124 4242 1173 4298 ubi
1189 4243 1331 4314 scriptum
1348 4247 1411 4298 est:
1425 4266 1438 4293 α
1451 4243 1513 4299 Non
1530 4243 1609 4300 enim
1624 4243 1672 4299 ille
1694 4242 1827 4316 aliquem

116 4333 193 4394 sicut
207 4332 338 4409 ipsorum
361 4331 412 4404 qui
435 4331 632 4387 interfuerunt
656 4330 778 4386 concilio
803 4329 943 4386 relatione
996 4331 1213 4406 praedestinavit
1229 4336 1261 4386 ut
1274 4330 1370 4386 malus
1385 4335 1472 4397 esset,
1484 4332 1534 4388 scd
1549 4348 1616 4387 vere
1630 4347 1747 4387 omnem
1765 4349 1826 4388 ma·

116 4421 284 4491 didicimus,
302 4420 501 4494 quandodivae
516 4418 663 4475 memoria
680 4420 806 4474 domnus
821 4419 942 4475 Carolus
996 4418 1057 4475 lum
1070 4418 1288 4491 praedestinavit
1304 4423 1336 4474 ut
1350 4418 1515 4492 impunitus
1531 4436 1590 4475 non
1606 4424 1700 4486 osset3
1717 4442 1731 4470 »
1747 4419 1826 4477 inve·

117 4509 253 4580 Felicem,
261 4507 406 4566 infelicem
423 4507 605 4582 Orgcllitanae
621 4508 747 4564 civitatis
759 4507 940 4580 episcopum,
996 4509 1094 4563 nimus
1109 4507 1137 4563 in
1152 4506 1247 4562 rotula
1261 4524 1351 4579 quarn
1367 4524 1384 4563 a
1402 4507 1540 4580 praedicto
1565 4507 1720 4564 lleriboldo
1739 4525 1826 4565 acce-

116 4596 249 4673 rqmodali
272 4597 387 4653 decreto
411 4597 581 4653 haereticum
606 4597 828 4670 comprobatum
853 4602 941 4670 atquc
995 4597 1116 4669 pimus:
1136 4617 1150 4645 «
1165 4596 1220 4652 Sed
1235 4612 1300 4650 vere
1314 4594 1710 4668 predestinavitpoenam,ut
1727 4597 1826 4652 omnis

115 4684 288 4745 damnatum
303 4686 456 4758 comperit,
467 4684 555 4741 etiam
571 4685 712 4742 revictum
736 4674 845 4741 invenit
860 4686 938 4758 quia,
994 4684 1090 4740 malus
1105 4683 1269 4757 impunitus
1281 4700 1340 4739 non
1355 4687 1441 4740 esset.
1451 4702 1466 4734 a
1483 4683 1565 4749 Quod
1581 4683 1610 4755 in
1627 4684 1823 4756 sequentibus

115 4778 252 4847 corrupto
266 4772 440 4830 muneribus
449 4773 567 4844 juniore
588 4771 809 4830 Bibliotheeario
824 4776 939 4846 Aquen·
993 4773 1057 4847 ipsc
1071 4773 1253 4829 demonstrat
1267 4772 1368 4828 dicens
1380 4789 1386 4827 :
1400 4795 1414 4823 «
1427 4772 1545 4828 Poenam
1570 4788 1671 4828 eorum
1697 4776 1728 4828 et
1747 4790 1824 4846 prae-

115 4862 157 4933 sis
172 4860 283 4934 palatii,
294 4860 403 4916 librum
419 4859 495 4916 beati
509 4858 611 4914 Hilarii
627 4860 709 4925 rasit,
725 4866 753 4916 et
769 4862 819 4916 ubi
845 4862 938 4934 scrip·
955 4848 977 4912 D
993 4863 1094 4929 scisse,
1111 4862 1181 4933 quia
1195 4860 1272 4916 Deus
1287 4865 1342 4926 est,
1350 4865 1378 4916 et
1392 4861 1628 4932 praedestinasse,
1636 4861 1707 4932 quia
1718 4861 1822 4932 justus

115 4939 258 5009 tumeret
272 4949 341 5023 quia
356 4949 384 5005 in
396 4948 446 5004 Dei
459 4947 531 5004 Filio
541 4949 633 5003 carnia
645 4948 787 5004 barattitaa
797 4951 936 5016 [adoratam
991 4953 1045 5004 est.
1059 4972 1073 4997 υ
1083 4949 1193 5004 Cetera
1207 4946 1341 5003 catholici
1368 4946 1484 5003 lectoris
1504 4946 1618 5019 Judieio
1640 4945 1821 5020 derelinqui·

114 5040 240 5113 immisit
261 5040 354 5097 carnia
381 5037 524 5094 humilitas
549 5036 702 5108 adoptator.
728 5037 783 5093 Sed
808 5043 837 5093 et
861 5038 938 5095 sicut
991 5053 1069 5091 mars.
1084 5037 1140 5092 Sed
1156 5035 1263 5092 idcirco
1279 5035 1357 5091 bunc
1380 5051 1546 5091 sermonem
1570 5051 1605 5091 ex
1628 5033 1742 5107 integro
1768 5054 1821 5108 po·

114 5146 183 5205 mox
196 5128 287 5190 lector
302 5125 439 5192 inveniet,
456 5142 620 5181 sermonem
639 5125 713 5181 l'lori
730 5128 764 5181 de
788 5127 936 5197 praedesti·
991 5141 1058 5181 aere
1074 5123 1271 5180 necessarium
1287 5122 1516 5195 duximus,quia
1530 5140 1564 5180 ex
1577 5139 1611 5179 eo
1634 5123 1776 5179 confictor
1791 5122 1823 5179 in

114 5218 231 5281 natione
247 5215 388 5290 nuperius
403 5213 513 5271 editum
530 5231 588 5269 non
604 5212 714 5270 incerto
730 5214 836 5269 indicio
847 5216 936 5270 credi·
990 5213 1121 5286 proximo
1133 5212 1379 5284 subsequentium
1395 5211 1594 5284 capitulorum
1610 5213 1669 5268 duo
1692 5211 1825 5283 capitula

114 5320 181 5369 mus
195 5307 397 5381 depravatum.
991 5303 1026 5358 de
1042 5301 1224 5374 prescientia
1238 5305 1266 5356 ct
1280 5301 1545 5373 praedestinatione,
1563 5302 1684 5359 contuse
1700 5303 1729 5355 ot
1750 5317 1823 5373 pre-

150 5392 181 5447 ln
192 5393 285 5468 eapite
295 5392 491 5449 indiculorum
503 5391 653 5462 sequentis
665 5390 760 5462 operis
772 5408 936 5448 sermonem
990 5395 1105 5464 postero
1120 5389 1231 5457 ordine,
1247 5406 1380 5445 aceensa
1396 5388 1567 5458 falsissimo,
1580 5390 1610 5444 in
1627 5388 1756 5445 secundo
1773 5406 1822 5445 ca-

113 5476 200 5544 l'iori,
216 5497 303 5551 quem
320 5485 472 5538 mutuante
488 5477 655 5546 Heriboldo,
671 5479 819 5550 quondam
839 5480 936 5535 Antis·
989 5478 1081 5552 pitulo
1097 5478 1209 5534 studuit
1219 5476 1386 5549 compilare,
1399 5478 1476 5535 sicut
1490 5479 1540 5551 qui
1553 5478 1632 5534 hunc
1644 5480 1674 5532 et
1685 5475 1737 5532 illa
1748 5476 1824 5551 lege·

111 5565 325 5631 eiodorensium
338 5569 496 5634 venerabili
512 5568 658 5643 episcopo,
675 5566 704 5622 in
720 5568 853 5639 synodali
868 5586 937 5624 con·
991 5568 1029 5624 rit
1044 5573 1141 5641 aperte
1156 5565 1309 5638 intelliget.
