3810 6098
164 280 222 341 aer
628 279 820 345 aracussi
843 278 1067 340 suanensis
1090 251 1397 342 ancaiariscoei.
1812 277 1873 338 sse

164 421 204 468 cst
219 428 310 468 meare
323 411 388 466 dare
406 411 490 477 noea,
505 411 552 466 sed
572 410 670 483 quibus
692 419 821 483 paratum
843 411 987 480 aetolum.
1004 412 1029 480 Α
1046 410 1148 468 Solum
1163 415 1208 468 ost
1227 411 1317 479 enim,
1331 416 1365 467 ut
1387 412 1416 467 in
1441 411 1497 466 bac
1511 410 1572 466 vita
1600 414 1755 484 peecatum
1784 426 1873 467 omne

165 518 193 569 x,
205 501 260 568 40).
273 500 320 555 Sic
335 497 558 569 intelligendum
574 503 628 566 est,
640 516 763 573 regnum
779 499 916 556 coelorum
930 516 990 555 non
1043 500 1197 560 fateamur.
1210 500 1260 557 ubi
1275 505 1304 556 et
1319 500 1450 556 humana
1465 498 1622 572 fragilitate
1637 497 1872 573 delinquimus.»

165 594 211 645 cst
225 587 333 655 dantis,
352 587 401 642 scd
423 586 605 659 accipientis.
617 587 680 643 Non
695 593 738 644 cst
753 588 832 644 euim
847 605 989 660 porsona-
1043 588 1078 643 Et
1094 588 1122 643 ln
1136 587 1251 661 psalmo
1263 605 1347 644 exvru
1361 605 1385 643 :n
1397 587 1537 644 Additum
1548 591 1594 644 cst
1608 589 1639 644 in
1654 588 1871 656 retributionem,

166 694 231 733 rum
247 676 376 747 acceptio
390 675 468 747 apud
484 674 575 730 Deum
586 692 593 731 :
603 676 655 732 sed
672 676 840 749 quicunque
855 676 941 733 talem
958 692 990 734 se
1044 676 1114 748 quia
1126 677 1277 733 subtracta
1292 676 1343 732 illa
1358 693 1461 734 mensa
1476 680 1505 732 et
1523 676 1662 749 gentibus
1678 677 1797 742 tradita,
1810 693 1871 733 ma·

47 799 51 812 ·
165 764 371 837 prebuerit,ut
382 780 470 837 reguo
481 763 740 838 coelorumdignus
752 765 857 837 sit‚hic
868 765 991 838 accipiet
1044 764 1140 821 lorum
1153 765 1305 822 retributio
1321 765 1385 820 luit.
1398 766 1509 839 Quippe
1524 766 1644 838 quando
1659 765 1688 821 in
1704 781 1741 822 ea
1759 765 1871 839 epulari

166 854 244 926 quod
259 869 317 908 non
333 869 474 924 persona,
486 852 536 908 sed
549 852 613 908 vitae
630 857 764 926 paratum
780 859 834 909 est.
847 854 876 909 Si
891 853 991 926 itaque
1044 852 1187 911 molentes
1211 854 1248 910 ab
1272 870 1307 910 ea
1329 852 1432 910 merito
1456 854 1593 910 videntur
1614 852 1770 911 excludi.»
1787 855 1823 910 st
1841 854 1870 911 iu

165 941 239 998 tales
249 941 319 998 estis
331 940 381 1013 qui
392 941 612 1013 consequamini
623 957 746 1015 regnum
756 941 990 1014 celorum,quod
1044 941 1158 1016 psalmo
1173 959 1259 998 anxur
1276 957 1308 997 2«
1327 942 1359 998 lu
1373 941 1508 1014 presenti
1530 941 1644 1015 psalmo
1659 942 1791 999 civitatis
1817 943 1870 1000 sub

166 1031 251 1087 Pater
266 1047 350 1086 meus
364 1029 617 1101 triumphantibus
630 1035 658 1085 ct
671 1030 831 1086 victoribus
845 1047 990 1103 praepara·
1043 1031 1137 1088 versio
1146 1031 1324 1106 deploratur,
1333 1032 1678 1089 utdurissimusanimus
1687 1032 1869 1107 Juderorum,

165 1120 217 1193 vit,
227 1137 278 1177 vos
290 1135 407 1192 quoque
422 1117 570 1190 accipietis
586 1118 686 1174 illud.»
699 1119 731 1176 Et
748 1119 817 1177 item
830 1137 855 1175 :a
867 1121 903 1176 st
917 1125 949 1176 tu
964 1118 991 1176 si
1042 1120 1088 1177 vel
1103 1120 1198 1194 ipsius
1217 1120 1342 1178 civitatis
1367 1138 1427 1178 sue
1453 1120 1673 1177 calamitatibus
1702 1124 1869 1178 terreretur.

166 1227 224 1266 non
237 1209 282 1265 vis
296 1209 397 1265 audire
413 1205 567 1278 injudicio
582 1224 600 1262 a
614 1206 747 1265 Christo:
765 1208 886 1266 discede
900 1227 918 1266 a
931 1224 989 1277 ms,
1044 1210 1151 1266 'Potum
1167 1209 1235 1266 iecit
1249 1209 1382 1266 medicus
1403 1211 1508 1277 bouus,
1525 1208 1550 1264 si
1565 1209 1726 1266 sanitatem
1745 1209 1880 1283 recipere

166 1298 330 1364 maledicte,
348 1296 377 1352 in
394 1297 491 1369 ignem
513 1299 666 1362 aeternum,
683 1297 753 1369 quia
768 1296 873 1354 esurivi
889 1301 917 1353 ot
932 1314 990 1355 nou
1043 1295 1186 1356 voluisset
1198 1301 1353 1371 aegrotus.»
1364 1298 1400 1352 at
1409 1298 1439 1353 in
1450 1296 1564 1370 psalmo
1574 1315 1647 1354 cxxv
1658 1315 1684 1354 :o
1701 1296 1895 1358 amiserunt

166 1385 273 1447 dedisti
289 1385 362 1442 mihi
377 1385 565 1454 manducare,
582 1385 669 1441 arhor
689 1402 754 1442 esse
768 1385 875 1442 sterilis
889 1386 919 1441 in
935 1386 991 1443 hec
1044 1402 1113 1459 esgo
1122 1391 1151 1442 et
1161 1385 1310 1459 istud,qui
1322 1386 1469 1458 majestati
1480 1386 1545 1458 ejus
1555 1402 1747 1459 nequaquam
1756 1387 1887 1445 credero

166 1477 225 1532 vita
236 1479 334 1532 caveto
347 1491 354 1528 ε
367 1474 437 1546 quin
448 1473 545 1547 potius
555 1474 677 1546 pauperi
686 1473 801 1531 Christo
811 1479 838 1531 et
849 1473 991 1532 esurienti
1043 1474 1226 1531 votuerunt.»
1237 1475 1271 1531 Et
1286 1475 1316 1530 in
1333 1475 1447 1548 psalmo
1459 1492 1540 1532 mxxi
1552 1491 1580 1532 :a
1589 1475 1625 1531 et
1634 1474 1789 1533 benedixit
1798 1475 1892 1535 sicul*-

167 1566 294 1621 fructum
310 1563 429 1635 pietatis
444 1561 623 1634 quoindiget
638 1563 736 1619 offer.»
751 1563 785 1619 et
800 1562 908 1620 itamar
920 1563 991 1619 Scri·
1043 1577 1122 1630 oves,
1139 1579 1197 1619 non
1226 1568 1324 1619 tamen
1352 1564 1512 1636 oves,quia
1538 1580 1597 1619 uon
1626 1563 1776 1621 credendo
1805 1564 1885 1623 iacti

164 1662 241 1726 ptum
254 1661 293 1709 est
308 1655 373 1725 quio
396 1653 492 1708 domas
510 1669 570 1708 orco
585 1651 680 1709 reatus
694 1655 826 1710 orationis
851 1652 991 1710 cambitor
1044 1656 1115 1708 sunt
1133 1651 1237 1709 hedi.»
1248 1652 1283 1707 Et
1297 1652 1326 1707 in
1343 1652 1457 1725 psalmo
1473 1669 1565 1709 axxvu
1576 1668 1607 1707 :a
1621 1651 1725 1710 Genus
1737 1669 1879 1725 pravum,

166 1747 269 1800 carriotis
292 1743 417 1814 pentibus
441 1741 533 1810 (llere.
546 1759 577 1810 ιι,
596 1744 640 1810 17)
658 1759 664 1796 :
681 1764 695 1793 ιι
711 1742 866 1813 Omnibus,
882 1741 989 1815 inquit,
1044 1739 1114 1812 quia
1137 1740 1288 1796 veritatem
1313 1742 1440 1814 recipere
1465 1740 1633 1797 uoluerunt.
1651 1762 1666 1792 ιι
1684 1741 1722 1797 st
1744 1742 1817 1798 item
1841 1742 1874 1800 iu

166 1832 313 1904 gentibue,
327 1848 384 1885 non
400 1829 451 1884 uni
466 1830 544 1902 genti
560 1830 677 1898 tudae,
691 1848 745 1886 nec
759 1831 788 1885 in
806 1848 864 1887 uno
878 1831 991 1888 Jeroso·
1044 1828 1146 1884 eodem
1158 1845 1187 1882 :o
1201 1827 1342 1884 Malitiam
1358 1828 1487 1885 hominis
1501 1827 1530 1884 in
1546 1844 1601 1886 sua
1615 1828 1833 1902 indignatione,
1844 1835 1870 1888 at

166 1920 249 1992 lyme
265 1919 348 1973 urbis
358 1916 432 1983 loco,
444 1917 495 1972 sed
510 1917 539 1972 in
551 1922 611 1975 toto
626 1919 694 1974 orbe
709 1922 865 1975 terrorum.
877 1919 948 1975 Item
960 1918 990 1975 in
1044 1917 1098 1982 ira,
1110 1921 1138 1972 et
1153 1916 1343 1973 tribulatione
1357 1916 1523 1990 dereliquit,
1538 1922 1571 1972 ut
1584 1916 1714 1990 propriis
1730 1918 1868 1992 perversi·

167 2009 336 2063 Commeuto
352 2004 499 2077 Ei'angelii
516 2006 599 2062 Luca
612 2024 618 2062 :
630 2029 644 2058 a
655 2007 728 2062 Nam
745 2008 822 2064 sicut
836 2008 867 2064 in
882 2009 990 2080 quibus
1044 2005 1154 2062 tatibus
1169 2006 1349 2078 alllIgantur,
1365 2006 1416 2078 qui
1430 2004 1536 2062 divinis
1547 2005 1741 2077 jussionibus
1755 2007 1864 2066 obedire
1883 2030 1885 2037 ·

166 2096 289 2154 venandi
305 2112 353 2152 ars
368 2100 423 2161 est,
440 2095 488 2149 ubi
504 2096 592 2164 laras,
609 2095 714 2169 pisces,
731 2101 759 2152 et
773 2094 906 2153 volueres
922 2095 989 2169 plus
1043 2096 1264 2150 contemnunt.»
1275 2095 1311 2152 Et
1325 2095 1354 2150 in
1371 2093 1485 2167 psalmo
1498 2111 1564 2151 xciv
1579 2110 1604 2148 :«
1621 2094 1698 2151 Num
1712 2111 1784 2152 cum
1798 2112 1863 2169 qus·

166 2186 316 2241 abundare
330 2183 494 2251 didicerint,
505 2183 546 2240 ibi
559 2202 613 2242 sua
623 2184 748 2240 maxime
759 2183 831 2240 retia
842 2186 986 2242 tendunt:
1042 2182 1178 2256 draginta
1193 2183 1297 2241 dicbus
1314 2185 1351 2240 ad
1366 2183 1540 2256 mysterium
1555 2199 1718 2240 numerum
1728 2184 1864 2245 Dominus

166 2274 206 2328 ito
221 2273 246 2329 ei
262 2273 406 2328 Dominus
431 2289 547 2344 semper
560 2272 659 2328 docuit
682 2273 712 2327 in
737 2273 899 2345 synagoga,
915 2279 943 2329 et
958 2273 988 2329 iu
1038 2269 1225 2340 jejunaverit,
1242 2288 1310 2327 cum
1330 2270 1403 2328 alios
1418 2270 1616 2345 quadraginta
1630 2271 1696 2328 dies
1713 2289 1784 2330 cum
1802 2289 1863 2347 apo·

164 2361 283 2435 templo,
310 2379 368 2433 quo
398 2378 501 2417 omnes
529 2361 623 2417 ludaei
653 2361 874 2433 conveniebant,
889 2362 988 2418 volens
1042 2358 1126 2415 stolis
1141 2364 1207 2433 post
1222 2360 1465 2417 resurrectionem
1480 2359 1580 2417 lecerit
1595 2365 1629 2417 ut
1643 2364 1728 2418 totus
1742 2361 1864 2421 muudus

163 2467 265 2507 omnes
280 2450 375 2507 salvos
391 2449 463 2515 sieri,
477 2455 506 2505 et
521 2451 557 2507 ad
574 2450 752 2523 agnitionem
768 2450 900 2508 veritatis
911 2451 988 2509 2⁰8
1042 2449 1182 2517 crederet,
1193 2449 1287 2506 ‚Iudai
1298 2450 1438 2506 obstinati
1455 2450 1560 2522 reperti
1575 2454 1656 2507 sunt.
1672 2450 1729 2518 Qui
1741 2451 1863 2524 quodra-

163 2539 288 2596 vanire.»
298 2540 334 2594 Et
349 2539 420 2594 item
432 2555 459 2593 z«
473 2539 582 2594 Tatinie
596 2540 698 2594 etonem
712 2541 846 2596 scicntia.
864 2541 988 2611 ttccest,
1041 2536 1123 2609 ginta
1137 2555 1281 2594 annorum
1297 2539 1374 2596 ’Μ
1391 2538 1540 2596 beneficiis
1559 2539 1751 2611 acquiescere
1770 2539 1863 2598 nolus·

163 2628 361 2684 humilitatem
377 2627 444 2683 fidei
458 2626 577 2696 Christi,
594 2645 652 2699 quo
677 2629 713 2684 od
738 2627 899 2684 divinitatis
923 2630 988 2702 ejus
1041 2631 1121 2682 ruut.
1135 2625 1247 2692 Quibus
1262 2626 1327 2683 ideo
1342 2631 1463 2700 paratur
1477 2628 1571 2700 major
1583 2626 1682 2697 ruina,
1696 2627 1769 2701 quia
1782 2627 1812 2685 iu
1827 2627 1864 2686 sis

163 2718 342 2792 agnitionem
356 2715 505 2789 pervenire
520 2716 668 2788 poteratis,
681 2722 852 2790 spernentes
863 2717 988 2789 abjicere
1041 2715 1209 2787 grandescit
1223 2715 1362 2772 diuturne
1375 2715 1522 2788 superbia.
1535 2738 1550 2764 ιι
1560 2716 1596 2772 lte
1611 2715 1684 2772 item
1697 2733 1725 2772 :a
1737 2715 1864 2791 ouisrgo

165 2806 321 2863 maluistis.
335 2829 349 2855 ιι
365 2807 400 2862 Et
419 2810 489 2861 rtem
505 2805 595 2878 (ibid,
612 2805 661 2862 ut.
678 2824 716 2874 ιν,
732 2824 791 2878 cap.
811 2807 855 2876 ll)
868 2823 874 2862 :
887 2830 901 2857 ιι
914 2806 987 2864 Nam
1041 2803 1192 2876 ingressus
1208 2808 1252 2860 est
1266 2804 1296 2859 in
1312 2803 1442 2877 requiem
1457 2804 1532 2875 ejus,
1544 2803 1634 2862 etiam
1649 2803 1716 2878 ipse
1730 2803 1864 2879 requievit

164 2896 188 2952 si
200 2896 310 2968 petenti
322 2896 418 2966 datur,
430 2898 458 2950 et
468 2911 601 2966 quaerens
611 2893 730 2963 invenit,
742 2900 772 2951 et
782 2894 911 2969 pulsanti
923 2911 988 2969 ape-
1041 2891 1077 2947 ab
1093 2890 1229 2962 operibus
1244 2891 1316 2958 suis,
1328 2891 1404 2949 sicut
1419 2909 1437 2948 a
1451 2891 1514 2948 suis
1528 2891 1616 2950 Deus.
1627 2890 1863 2966 Significatenin

164 3073 211 3129 cui
227 3090 285 3128 non
300 3073 439 3144 operitur,
452 3077 573 3143 apparet
586 3073 664 3144 quod
689 3090 746 3128 non
771 3073 844 3128 bene
859 3072 985 3146 petierit,
1040 3067 1233 3124 saeculiistius
1242 3072 1349 3125 aeterua
1356 3068 1455 3142 requie
1463 3069 1762 3143 perfruunturzquod
1770 3069 1864 3145 imptis

164 3160 321 3234 quesierit,
334 3160 519 3231 pulsaverit.»
531 3161 566 3216 Et
576 3161 645 3216 item
656 3177 680 3215 2«
688 3161 796 3216 Verum
808 3161 855 3217 ille
865 3161 915 3233 qui
926 3161 988 3218 vult
1001 3141 1023 3210 C
1043 3156 1145 3228 utique
1156 3174 1214 3214 non
1223 3157 1664 3232 dabitur,quiasuaindiguitate
1672 3159 1863 3218 duruerunt.-

163 3265 265 3305 omnes
278 3246 413 3303 homines
428 3246 523 3302 salvos
538 3248 612 3314 fieri,
627 3252 656 3303 ot
670 3247 705 3303 ad
719 3248 898 3320 agnitionem
913 3247 987 3304 reri·
1041 3245 1076 3301 Et
1090 3245 1120 3300 in
1135 3246 1249 3317 psalmo
1263 3263 1317 3303 xcv
1328 3264 1353 3303 z«
1366 3244 1417 3303 Hic
1427 3263 1494 3303 vero
1509 3246 1684 3306 dictumest
1695 3249 1864 3322 punirem

163 3336 231 3391 tatis
246 3334 355 3404 venire,
370 3351 449 3389 nune
470 3334 506 3389 ad
521 3351 581 3402 cos,
598 3352 675 3391 nunc
690 3335 732 3391 eis
747 3335 935 3393 audientibus
950 3337 986 3394 ad
1041 3335 1121 3404 tium,
1132 3338 1164 3391 ut
1177 3333 1276 3391 nullus
1291 3334 1439 3409 indigena,
1453 3334 1553 3392 nullus
1568 3335 1689 3408 hospes,
1700 3336 1806 3394 nullus
1819 3351 1863 3411 ps-

162 3422 321 3496 discipnlos
346 3441 416 3478 suos
430 3424 517 3479 verbo
540 3424 682 3495 iaciendo,
699 3428 845 3481 consuete
869 3425 987 3499 pietatis
1041 3423 1176 3497 regriuus
1192 3424 1361 3481 redderetur
1375 3424 1588 3496 exasperaret
1602 3423 1632 3480 ia
1647 3423 1768 3497 psalmo
1782 3440 1863 3483 xcrn:

162 3514 239 3570 dona
258 3512 404 3585 benignus
429 3513 597 3585 impendere
623 3530 681 3569 non
705 3517 809 3569 cessat.
829 3537 840 3565 ι
857 3515 893 3571 Et
915 3515 985 3575 item
1042 3533 1057 3563 a
1069 3511 1188 3569 Nullum
1204 3512 1297 3586 gorius
1311 3511 1467 3570 hominum
1481 3511 1508 3570 ei
1523 3512 1645 3569 credens
1659 3513 1864 3586 probaturos·

162 3602 221 3675 (nt.
234 3619 262 3670 v,
274 3618 297 3657 c.
311 3600 353 3672 19)
367 3618 372 3654 :
389 3601 490 3656 ct'ruit
502 3601 577 3656 naim
595 3601 671 3672 fitius
686 3600 804 3657 turrinis
820 3617 942 3673 querere
961 3611 988 3661 et
1041 3605 1168 3673 ceptum,
1182 3603 1260 3674 quod
1276 3602 1316 3659 sit
1330 3602 1367 3659 ab
1382 3602 1447 3674 ejus
1462 3601 1635 3658 muneribus
1650 3599 1796 3659 alienum.
1807 3624 1822 3652 s
1832 3600 1866 3661 st

160 3692 267 3748 soluere
277 3689 347 3763 quod
355 3691 502 3760 perierat.»
515 3689 573 3744 lloe
583 3693 628 3744 est
638 3689 716 3761 quod
728 3688 797 3745 alibi
809 3691 880 3748 dicit
891 3709 917 3747 ιιι
927 3693 987 3749 Non
1040 3688 1071 3745 in
1085 3689 1257 3745 Commenta
1272 3689 1407 3763 Epistulae
1424 3689 1459 3745 ad
1476 3690 1625 3746 Romanos
1638 3688 1728 3762 plura
1742 3688 1791 3747 his
1803 3706 1866 3749 con·

161 3782 225 3836 oeni
239 3794 334 3835 vocare
346 3780 444 3850 justos,
456 3777 502 3832 sert
513 3785 673 3849 peccatores.
689 3777 758 3834 Pius
782 3795 852 3835 sane
877 3781 985 3854 magis·
1040 3778 1168 3835 ciuentia
1180 3778 1260 3846 dicit,
1278 3795 1342 3850 quar
1358 3779 1455 3835 studio
1469 3777 1621 3836 brevitatis
1635 3777 1816 3837 omittimus.

161 3866 273 3938 ter,qui
285 3866 539 3923 murmurantibus
550 3866 645 3922 turbis
655 3884 709 3923 sue
718 3867 857 3940 mysterio
868 3886 926 3924 non
939 3870 987 3926 de·
1337 3885 1454 3943 cgpuqr
1473 3885 1568 3942 Χχνι,

162 3956 301 4029 dignatur
314 3972 465 4028 exponere,
476 3956 547 4011 adan
563 3955 675 4013 seilicet
690 3961 875 4028 peccatorum
891 3958 986 4032 pani·
1055 3973 1241 4037 ιιιιιριιιιιιιι
1255 3973 1366 4024 renarra
1382 3975 1493 4024 ratione
1503 3983 1562 4038 pon
1580 3977 1732 4026 ιιιιιιιιιιιιι
1746 3974 1853 4026 me·

162 4044 283 4101 tentiam
295 4061 352 4100 uon
367 4059 432 4101 esse
442 4047 648 4117 respuendam,
660 4050 694 4102 ut
709 4046 772 4117 ipse
785 4045 836 4102 Dei
847 4045 938 4103 Filius
948 4047 985 4105 ob
1247 4046 1384 4110 designata
1399 4045 1431 4095 de
1445 4044 1557 4110 capitolo
1572 4046 1659 4096 tarto.

162 4134 237 4191 hauc
252 4133 378 4190 marimo
394 4135 580 4206 quaerendam
596 4134 635 4190 sit
649 4134 813 4191 destinatus
828 4135 864 4192 ad
881 4140 984 4193 terras.
1075 4136 1148 4192 Ecce
1163 4134 1233 4208 quid
1253 4151 1287 4191 ex
1306 4136 1361 4192 hoc
1380 4134 1508 4207 capitulo
1524 4139 1683 4192 senserunt
1701 4135 1801 4199 divino
1820 4148 1862 4192 re·

160 4224 214 4292 Qui
231 4228 262 4281 ut
276 4223 395 4297 pietatis
412 4240 471 4279 sua
485 4221 570 4280 nobis
583 4221 831 4296 dispensationem
848 4223 984 4296 inculcet,
1040 4225 1109 4298 ploti
1124 4225 1234 4298 Spiritu
1250 4224 1343 4282 sancti
1358 4225 1408 4282 eei
1423 4225 1569 4283 homines.
1579 4225 1725 4283 Ceterum
1740 4222 1866 4300 capital!

159 4313 321 4386 saepissime
336 4330 367 4370 so
378 4311 471 4369 filium
482 4311 611 4370 hominis
626 4310 764 4384 appellat,
775 4314 985 4371 commendans
1040 4312 1156 4370 anobis
1172 4329 1207 4369 ex
1222 4317 1391 4370 sanctorum
1402 4313 1521 4370 Petrum
1535 4316 1758 4386 exemptaque
1772 4326 1867 4386 repre·

159 4401 282 4459 sollicite
298 4402 383 4458 nobis
398 4401 475 4475 quod
492 4401 586 4458 lactus
602 4405 647 4458 est
660 4399 786 4475 benigue
797 4417 850 4474 pro
863 4401 984 4459 nobis.»
1039 4400 1151 4471 heudit,
1163 4401 1290 4459 domnus
1315 4401 1491 4459 Prudentius
1510 4399 1686 4460 venerabilis
1710 4401 1866 4476 episcopas

159 4488 194 4543 et
223 4490 292 4544 item
315 4507 348 4546 :a
375 4491 558 4563 Impietatem
586 4491 766 4559 iudeorum,
781 4489 826 4547 vel
850 4492 984 4548 omnium
999 4511 1025 4579 Ι)
1039 4489 1194 4546 nobiseum
1208 4490 1362 4548 constituit
1383 4494 1471 4563 atque
1489 4489 1704 4557 firmavitoue
1720 4487 1869 4564 posteat!

160 4577 349 4647 reproborum
363 4579 398 4634 ad
411 4578 559 4636 Christum
571 4579 700 4637 converti
713 4578 885 4648 nolentium,
898 4580 986 4654 signi·
1040 4580 1095 4635 hac
1111 4579 1244 4651 epistola,
1255 4581 1292 4636 de
1306 4597 1364 4653 qua
1386 4579 1546 4653 loquimur,
1562 4578 1606 4637 ito
1619 4578 1757 4637 confudit
1779 4584 1866 4653 atqu·

161 4664 229 4719 licat
244 4665 273 4720 iu
290 4664 336 4722 die
356 4665 460 4737 judicii
486 4667 676 4740 puniendam.
689 4692 702 4720 ιι
720 4670 755 4725 Et
774 4670 845 4726 item
862 4687 896 4726 t«
912 4669 987 4737 Quia
1039 4668 1267 4741 prepostersait,
1280 4674 1312 4724 ut
1326 4669 1423 4725 verbis
1439 4667 1515 4738 aliis,
1528 4672 1557 4725 ct
1567 4666 1869 4738 sensucontrario,4

159 4751 336 4810 visitationis
350 4771 409 4810 suae
432 4758 549 4827 tempus
574 4757 696 4813 minimo
719 4759 863 4831 cognovit,
880 4757 939 4815 illis
954 4759 985 4814 iu
1039 4756 1140 4813 ordine
1155 4756 1322 4824 immutato,
1333 4756 1383 4812 illa
1397 4761 1542 4830 quantum
1558 4773 1593 4813 ea
1607 4757 1672 4830 ipso
1686 4756 1746 4813 luit
1757 4756 1866 4830 dispcr-

160 4845 288 4898 extremo
305 4841 368 4898 vitea
382 4841 509 4899 inimicis
525 4845 736 4917 traditur,cum
746 4846 854 4918 quibus
865 4848 894 4903 in
906 4851 986 4904 ater·
1038 4846 1129 4901 deret.
1140 4846 1199 4902 Nec
1213 4845 1280 4919 plus
1302 4845 1412 4901 invenit
1427 4862 1485 4918 quo
1499 4845 1550 4902 illa
1568 4845 1767 4917 discerperet:
1779 4842 1868 4902 reeh

160 4948 198 4988 no
210 4929 322 5003 judicio
342 4930 540 4988 damnationis
557 4949 616 4988 sue
635 4934 773 4990 societate
792 4934 956 5008 colligatur.
967 4957 983 4986 ιι
1039 4934 1172 5002 mutavit,
1189 4950 1311 4990 sensum
1326 4934 1506 4990 contrarium
1520 4932 1632 5001 intulit,
1644 4933 1779 4992 ordinem
1794 4932 1869 4991 ades

159 5022 194 5077 Et
208 5020 278 5077 item
290 5038 314 5076 :a
332 5021 453 5093 Semper
467 5022 615 5095 ambigere
626 5021 734 5079 dicitur
745 5023 833 5093 Deus,
845 5028 877 5081 ut
891 5023 985 5081 libera
1039 5021 1229 5096 perturbavit,
1245 5027 1278 5078 ut
1301 5024 1336 5080 de
1361 5025 1489 5080 secundo
1514 5022 1655 5096 primum,
1670 5026 1700 5079 et
1719 5023 1757 5080 de
1782 5020 1869 5081 tertie

158 5109 292 5167 voluntas
307 5108 419 5165 homini
435 5114 607 5166 reservetur.
620 5133 634 5163 ιι
1038 5116 1176 5186 quartum
1191 5113 1335 5170 redderet.
1348 5113 1378 5169 Si
1394 5113 1490 5170 adhuc
1501 5116 1640 5186 quartum
1651 5112 1775 5169 modum
1789 5111 1869 5171 iare·

192 5201 227 5255 Idt
242 5199 432 5256 Cassiodorus
448 5198 477 5253 in
495 5198 607 5272 psalmo
623 5217 656 5256 av
672 5218 696 5256 :a
710 5199 808 5273 Ipsum
834 5204 879 5258 est
903 5200 982 5258 euim
1038 5200 1100 5257 nire
1115 5199 1269 5273 potuisset,
1286 5219 1344 5274 quo
1360 5200 1412 5258 illa
1426 5200 1594 5275 dissiparet,
1609 5200 1806 5258 manifestum
1819 5200 1872 5261 asi·

157 5305 317 5362 quocunque
340 5288 394 5357 die,
411 5288 482 5360 quia
504 5287 647 5345 Dominus
676 5288 812 5346 clementi
840 5290 983 5363 patientia
1037 5288 1283 5363 quiavoluuturie
1307 5291 1424 5347 laceret.
1441 5291 1552 5347 Tamen
1572 5289 1717 5363 quidquid
1732 5288 1868 5365 illegss-

158 5377 309 5449 quodlibet
320 5381 436 5450 tompus
453 5381 558 5433 nostrae
571 5377 768 5434 conversionis
780 5383 928 5452 exspectat
948 5380 983 5437 bt
1036 5380 1117 5447 serit,
1127 5380 1197 5436 ordo
1208 5379 1335 5453 ponendi
1346 5378 1496 5454 legitimus
1506 5379 1562 5436 iste
1572 5378 1715 5449 mauebit,
1726 5384 1759 5436 ut
1768 5379 1871 5452 prims

157 5465 221 5520 ideo
233 5466 393 5538 culpabiles
404 5467 540 5539 sustinet,
550 5470 699 5539 exspectat
708 5470 850 5540 errantes,
859 5468 979 5526 dicens:
1035 5472 1162 5542 ponatur
1175 5468 1211 5524 ab
1222 5484 1256 5524 eo
1271 5469 1321 5541 qui
1337 5466 1520 5541 capitulatim
1536 5467 1677 5540 illacupit
1686 5468 1876 5544 describeret·

157 5550 234 5612 Notto
247 5563 361 5613 marten
378 5559 537 5634 peccatoris,
552 5555 599 5616 scd
612 5561 828 5618 attereretur
849 5563 876 5616 et
897 5558 979 5619 vivat.
1035 5558 1075 5618 Ite
1099 5556 1282 5637 prescientia
1305 5561 1334 5617 et
1358 5557 1612 5635 predestinatione
1635 5555 1811 5628 electorum,
1830 5570 1873 5619 ss·
