3810 6098
103 275 162 342 895
493 275 684 339 nicenam
709 273 831 336 anun.
853 270 1036 335 luuntur.
1060 272 1265 351 OPUSCULA
1287 274 1417 338 vnete.
1756 274 1817 338 890

102 410 239 469 versitate
254 409 372 467 virtutis
389 410 476 483 (teau.
492 409 561 482 mv),
576 409 617 465 sic
638 408 791 464 damnatos
815 407 928 463 diverso
943 406 970 473 Α
985 405 1116 463 veniunt.
1133 407 1167 463 Et
1192 407 1325 479 quamvis
1351 404 1520 482 angelorum
1545 411 1632 483 atque
1657 408 1815 466 nominum

103 499 247 573 supplicio
263 499 401 573 gehennae
417 500 536 574 ignibus
550 499 671 572 subjicit
686 498 866 571 disparilitas
878 496 930 552 cri·
984 494 1069 568 longe
1081 495 1119 552 sit
1130 498 1235 553 natura
1245 495 1576 566 dissimilis,unatamen
1587 497 1815 572 poenaimplioat

102 589 203 645 minis.
220 591 287 655 Oua
303 588 415 644 scilicet
430 589 573 661 gehenna,
591 587 725 659 quamvis
740 586 853 642 cunetis
871 604 929 641 nna
984 602 1058 657 quus
1070 602 1146 640 uuus
1157 585 1186 639 in
1198 584 1320 645 erimine
1330 585 1402 659 ligat
1412 588 1604 654 reatusouod
1618 587 1694 644 bene
1705 605 1739 644 ac
1754 589 1813 646 bre

102 676 150 745 sit,
162 694 220 734 non
231 681 326 732 tamen
337 677 693 747 cunctosunaeudemquc
709 675 850 747 qualitate
859 692 928 730 suc·
982 673 1056 728 riter
1067 673 1197 730 insinuat
1212 675 1355 746 propheta
1370 676 1420 747 qui
1438 676 1479 730 uit
1491 692 1497 730 :
1511 675 1555 732 lbi
1567 680 1662 732 Assur
1676 682 1705 732 et
1720 678 1812 735 ornan

101 767 210 825 cendit.
227 765 300 821 Num
324 766 401 821 sicut
424 783 481 820 uno
504 764 564 820 sele
579 781 681 820 omncs
697 764 857 835 tangimur,
875 780 927 818 nec
983 761 1147 818 atuttiturlo
1163 768 1236 836 rjus,
1252 774 1278 820 et
1295 767 1326 819 iu
1343 766 1470 820 circuilu
1484 768 1549 837 ejus
1568 765 1711 837 sepulcra
1727 765 1812 823 itlius

102 861 200 911 tamen
217 855 272 910 sub
288 871 321 909 co
345 871 403 909 uno
425 852 527 908 ordine
551 868 652 906 ornnes
674 854 844 919 aestuamus,
858 849 928 922 quia
983 853 1099 925 (Erret.
1110 854 1262 924 xxxinttl).
1273 854 1343 919 Quis
1354 870 1481 925 namque
1495 855 1589 910 Assur
1599 854 1720 926 superbi
1736 856 1809 930 ragis

97 946 183 1017 juxta
198 942 368 1016 qualitatem
397 939 527 1012 corporis
551 940 676 995 sentitur
699 940 786 994 etiam
813 939 927 1010 pondus
982 942 1098 997 nomine
1108 942 1163 997 nisi
1173 941 1220 997 illc
1230 941 1558 1014 perelationcmeadens
1569 944 1807 1016 antiquushostis

102 1031 223 1090 caloris:
240 1032 282 1087 sic
297 1029 445 1087 damnatis
461 1034 489 1085 ct
504 1047 562 1083 una
577 1033 621 1083 cst
636 1028 769 1100 gehenna
785 1046 847 1099 qua
868 1029 928 1083 alii·
981 1031 1216 1104 cxprimitur,qui
1234 1049 1286 1104 pro
1301 1048 1334 1086 eo
1347 1031 1424 1103 quod
1441 1032 1550 1087 multos
1565 1033 1603 1087 ad
1619 1030 1738 1105 culpam
1750 1048 1807 1107 per

101 1122 151 1188 cit,
168 1127 197 1178 et
211 1125 309 1177 lamen
328 1138 384 1176 non
407 1136 508 1174 omnes
531 1136 589 1173 una
614 1117 752 1189 qualitate
769 1117 925 1184 coinburit,
982 1120 1151 1188 trabit,cum
1167 1124 1272 1175 cuncta
1287 1137 1342 1176 sua
1357 1120 1547 1176 multitudino
1562 1121 1599 1176 ud
1616 1120 1805 1178 inleruielau·

101 1211 170 1285 quia
186 1212 263 1283 quod
283 1211 330 1265 bic
355 1209 415 1281 agit
430 1208 530 1279 dispar
545 1207 673 1262 valitudo
689 1224 854 1279 corporum,
871 1206 926 1262 boc
981 1211 1041 1262 stra
1056 1206 1229 1263 descendit?
1242 1206 1381 1278 Sepulera
1395 1213 1491 1263 antoni
1509 1213 1645 1264 mortuos
1662 1210 1803 1282 teguntur

101 1296 161 1356 illie
176 1300 293 1355 exbibet
306 1299 406 1371 dispar
419 1315 509 1352 causa
532 1297 701 1351 nicriturum
718 1296 794 1367 (cup.
811 1297 857 1363 oc)
875 1312 880 1350 :
898 1299 927 1350 ct
980 1296 1134 1368 quisalius
1146 1296 1374 1351 acriusrnortom
1386 1296 1801 1370 pertulit,quamisquiCondi-

100 1387 216 1444 eternis
240 1387 358 1461 ignibus
387 1386 496 1453 traditi,
513 1390 542 1441 et
566 1385 596 1440 in
621 1384 773 1457 suppliciis
796 1384 924 1440 dolorem
980 1389 1071 1441 torem
1097 1401 1185 1441 suurn
1206 1385 1370 1457 despiciens
1399 1386 1486 1441 vitam
1514 1386 1703 1459 reliquittet
1721 1404 1799 1461 quem

101 1472 271 1544 sentiunt,et
288 1475 316 1531 in
332 1474 430 1530 doloro
445 1473 587 1547 angustia
604 1473 749 1547 pulsantis
764 1490 794 1529 so
811 1489 926 1545 sempor
978 1475 1113 1530 videlicet
1129 1479 1279 1529 mortuum
1294 1491 1361 1530 oum
1380 1474 1511 1531 humana
1525 1476 1616 1532 corda
1631 1476 1795 1550 suscipiunt,

100 1574 206 1638 parcre
221 1562 331 1620 feriunt
347 1582 353 1619 :
371 1569 403 1620 ut
418 1568 446 1620 et
459 1564 535 1636 quod
551 1564 656 1618 timent
667 1562 801 1631 tolerent,
817 1565 846 1617 ct
861 1579 924 1618 rur·
979 1562 1043 1634 ejus
1054 1562 1154 1636 procul
1167 1562 1255 1619 dubio
1265 1561 1795 1635 sepulcrafiunt.Sedincircuitullli'us

100 1673 152 1712 sus
167 1655 244 1728 quod
260 1652 384 1711 tolerant
397 1654 460 1710 sinc
476 1653 636 1709 cessatione
652 1652 868 1724 pertimescant.
885 1651 925 1707 De
979 1652 1187 1726 sepulcracjns
1198 1652 1521 1725 sunl‚qniainquorum
1533 1653 1792 1712 sementibusuunc

100 1744 147 1800 b'is
161 1744 269 1800 etenim
285 1741 428 1815 scriptum
442 1747 485 1798 est
496 1759 501 1797 :
514 1743 627 1797 Vermis
637 1756 737 1797 eorum
750 1759 806 1796 uon
822 1742 925 1797 morie·
938 1776 963 1841 Β
980 1759 1031 1814 per
1046 1741 1188 1798 desideria
1202 1740 1315 1814 sepelit,
1332 1740 1386 1797 bos
1400 1741 1457 1798 sibi
1473 1742 1666 1816 postmodum
1681 1753 1730 1815 per
1743 1744 1788 1800 ur:

98 1836 189 1901 tur,et
205 1834 285 1907 iguis
298 1849 401 1888 corum
416 1849 473 1888 uon
488 1833 690 1903 exstinguetur
704 1830 807 1902 (lucre.
819 1849 857 1898 tx,
868 1832 923 1901 43).
979 1835 1077 1887 menta
1093 1831 1244 1903 conjungit
1261 1848 1266 1886 :
1285 1834 1313 1886 ct
1329 1830 1469 1902 quoniam
1490 1848 1570 1887 nunc
1593 1830 1624 1886 in
1642 1831 1788 1906 semetipsis

99 1916 167 1990 Quat
192 1921 279 1977 ctiam
306 1918 450 1992 supplicia
465 1919 494 1975 in
510 1937 542 1975 sc
558 1920 701 1976 dimersos
718 1922 745 1974 ct
760 1918 836 1974 ultra
849 1918 924 1976 vires
979 1921 1092 1993 reprobi
1105 1919 1250 1993 malignos
1261 1919 1383 1992 spiritus
1393 1919 1494 1975 illicita
1508 1920 1786 1993 perpetrandosuscl·

100 2010 287 2076 cruciant,et
305 2009 334 2065 in
360 2009 403 2066 cis
425 2010 489 2065 vita
512 2009 677 2065 subsidium
707 2008 924 2081 exstinguentes
978 2008 1072 2081 piuut,
1089 2014 1159 2064 tunc
1175 2007 1309 2081 sepulcra
1324 2025 1391 2064 curn
1408 2009 1532 2065 mortuis
1548 2010 1705 2066 ardebunt.
1721 2010 1783 2066 Sient

100 2104 226 2168 servant,
243 2103 276 2155 ut
295 2099 337 2156 sic
358 2098 448 2154 vitam
476 2098 621 2154 terminus
648 2097 761 2170 puniat,
778 2101 923 2170 quatenus
978 2097 1214 2170 dereproborum
1230 2096 1400 2169 corporibus
1416 2097 1562 2170 seriptum
1578 2093 1789 2155 estmecurctt

99 2206 215 2261 semper
235 2186 298 2244 sinc
322 2188 446 2244 termino
471 2187 618 2243 cruciatus
642 2187 737 2253 vii'at;
758 2185 827 2258 quia
842 2190 871 2241 et
885 2187 922 2241 ad
976 2203 1040 2242 eum
1066 2187 1142 2258 ignis
1162 2187 1212 2260 qui
1236 2203 1294 2242 riou
1320 2185 1510 2242 succenditur
1523 2186 1649 2259 (Jocxx,
1664 2189 1717 2256 2⁰),
1730 2188 1780 2260 quit

99 2270 188 2332 linem
204 2292 256 2348 per
272 2277 417 2331 tormenta
432 2279 575 2347 properat,
587 2278 616 2329 et
630 2273 693 2329 sinc
710 2274 766 2328 bue
783 2273 922 2330 deficiens
976 2274 1192 2346 Omnipotentis
1202 2274 1330 2345 justitia,
1348 2275 1514 2330 futurorum
1538 2274 1673 2347 prescia,
1687 2275 1721 2332 ab
1734 2275 1779 2349 ipss

98 2361 195 2422 durat.
207 2363 346 2437 nitergo
361 2362 477 2419 miseris
493 2381 571 2418 mors
586 2363 649 2418 sinc
661 2366 763 2430 morte,
776 2363 844 2418 finis
859 2363 922 2418 sine
976 2363 1077 2417 mundi
1090 2363 1201 2435 origine
1213 2362 1351 2435 gebenna
1362 2362 1460 2436 ignem
1472 2362 1591 2434 creavit,
1606 2364 1656 2437 qni
1674 2365 1701 2420 in
1715 2380 1778 2437 pona

99 2444 166 2520 sinc,
181 2453 312 2509 desectus
337 2452 400 2507 sino
424 2453 537 2508 delectu
555 2469 561 2507 :
579 2451 649 2524 qnia
663 2456 692 2507 ct
705 2468 784 2506 mors
799 2451 877 2519 vivit,
894 2456 923 2507 ct
976 2453 1165 2525 reproborum
1177 2469 1241 2507 esso
1251 2451 1341 2507 semel
1353 2450 1564 2524 inciperet,sed
1575 2452 1776 2510 ardoremetian

98 2543 167 2599 tlnis
182 2559 298 2613 semper
326 2541 438 2615 incipit,
459 2547 497 2608 et,
511 2541 633 2597 deficere
659 2541 789 2597 delectus
817 2541 919 2597 nescit.
975 2539 1136 2614 sinelignis
1147 2553 1298 2613 nunquam
1311 2540 1581 2596 liniret.Seiendunr
1596 2536 1775 2614 veroestqocd

98 2630 176 2689 Mors
190 2629 308 2704 perimit
328 2635 357 2686 et
380 2648 438 2686 non
460 2630 630 2702 exstinguit,
647 2629 729 2685 dolor
743 2629 855 2685 cruciat
870 2631 920 2686 sed
975 2647 1077 2686 omncs
1089 2629 1213 2704 reprobi,
1227 2628 1296 2701 quia
1310 2647 1344 2685 ex
1355 2628 1454 2684 anima
1464 2628 1553 2685 simul
1566 2632 1689 2686 etearne
1698 2644 1774 2704 perca·

98 2719 265 2777 nullatenus
277 2737 411 2792 pavorem
423 2720 519 2793 iugat;
530 2719 865 2785 llarnmacombur·it,sed
875 2735 922 2774 ne·
975 2723 1088 2788 verunt,
1107 2718 1165 2774 illie
1181 2719 1210 2774 in
1224 2719 1324 2774 anima
1339 2718 1445 2794 partim
1466 2723 1495 2774 et
1515 2735 1604 2775 carne
1627 2719 1774 2776 cruciabun-

97 2827 246 2883 quaquam
262 2809 398 2866 tenebras
414 2806 633 2880 discutit‚elillc
649 2807 725 2881 ignis
739 2809 776 2864 ad
793 2806 922 2864 consola·
975 2814 1062 2863 tur.»
1086 2808 1157 2864 Ecce
1187 2824 1250 2879 quae
1276 2811 1392 2864 mancat
1415 2807 1563 2864 damnatis
1590 2824 1674 2881 puina
1692 2812 1797 2882 regnos

96 2900 204 2957 tionem
216 2897 510 2969 uonlucet,cltarnen
523 2896 920 2970 utmagistorqueataliquid
974 2897 1080 2966 rimus,
1098 2901 1127 2953 ct
1153 2897 1317 2953 instruente
1341 2914 1394 2953 nos
1418 2914 1500 2953 sacro
1525 2895 1652 2970 cloquio,
1672 2896 1772 2970 quantur

96 2988 183 3045 lucet.
199 2988 273 3044 Nam
290 3005 428 3061 sequaces
452 3004 585 3060 quosque
608 3004 678 3043 suos
700 3005 799 3042 secum
816 2985 844 3041 in
861 2990 918 3041 tur·
974 2986 1209 3043 indemnatione
1233 2984 1320 3060 ignis,
1343 2990 1455 3059 quanta
1479 2985 1509 3041 in
1534 2984 1603 3060 igue
1626 2983 1770 3048 obscuritas,

95 3078 194 3134 mento
208 3076 322 3149 reprobi
334 3077 453 3132 damma
468 3075 634 3131 illustrante
649 3074 736 3130 visuri
749 3079 827 3142 sunt,
844 3092 917 3147 quc·
973 3079 1160 3148 quantusque
1186 3074 1215 3130 in
1241 3074 1420 3131 obscuritate
1443 3090 1535 3147 pavor
1556 3076 1606 3143 sit,
1633 3072 1771 3132 nullatstttti

96 3184 162 3223 rum
173 3181 271 3221 amore
282 3162 467 3236 deliquerunt
478 3181 484 3218 :
497 3166 642 3234 quatenus
655 3162 705 3235 qui
717 3180 817 3218 earum
828 3164 917 3219 vitam
933 3141 955 3210 G
974 3165 1163 3239 ambigimus.
1184 3165 1240 3220 Sed
1267 3161 1337 3236 quid
1367 3164 1486 3236 prodest
1513 3164 1572 3220 isto
1600 3180 1742 3238 praenosse,
1752 3162 1769 3218 ti

95 3248 250 3308 carnaliter
263 3253 365 3306 contra
380 3254 524 3322 praeopta
547 3250 714 3305 Conditoris
737 3255 916 3320 ornaverant,
973 3272 1030 3309 non
1055 3254 1206 3326 contingat
1230 3252 1373 3308 evaderet
1388 3253 1462 3308 Tota
1476 3268 1544 3327 crgo
1569 3250 1722 3309 intentione
1733 3265 1769 3307 cu·

95 3340 284 3411 ipsorumque
295 3355 412 3411 quoquc
423 3338 581 3394 inter-insin
591 3343 748 3411 augmento
761 3359 819 3395 suro
831 3339 916 3395 darn-
972 3345 1097 3398 randum
1113 3348 1167 3407 cst,
1185 3346 1218 3398 ut
1233 3359 1299 3398 cum
1316 3341 1477 3397 vacationis
1492 3346 1611 3416 tempus
1626 3340 1768 3415 accipimus,

95 3426 223 3483 nationis
233 3426 353 3499 aliligat.
366 3427 446 3493 Quod
459 3426 586 3498 prolecto
597 3426 750 3501 Evangelio
760 3432 831 3484 teste
841 3429 918 3485 eolli-
973 3433 1045 3488 bene
1055 3431 1167 3488 ivivondi
1180 3431 1276 3486 studio
1288 3430 1432 3486 malorum
1446 3428 1770 3505 ultimaternienlalugic·

94 3513 173 3590 gitur
183 3515 259 3589 (luc.
276 3520 345 3584 xvi),
362 3517 390 3571 in
402 3517 588 3595 quotoritate
604 3519 757 3574 nuntiante
768 3520 847 3575 dives
858 3519 916 3589 ille,
972 3531 1050 3577 urus.
1067 3521 1139 3577 llinc
1153 3520 1259 3593 quippe
1275 3538 1326 3593 per
1340 3519 1527 3576 Salurnoncnr
1551 3520 1659 3577 dicitur
1673 3537 1680 3575 :
1696 3514 1769 3592 Quoli-

94 3616 182 3678 qucm
199 3605 367 3678 contigitad
381 3606 480 3662 aeterni
497 3605 624 3662 incendii
638 3612 781 3663 tormenta
797 3607 916 3665 deseen—
971 3626 1079 3682 cunque
1092 3615 1185 3682 potest
1201 3624 1304 3664 ritanus
1316 3612 1369 3663 tuo
1384 3606 1485 3682 [urere
1500 3607 1648 3664 inclamet·
1661 3608 1770 3679 omnen,

93 3695 171 3764 dere,
189 3693 317 3766 quinque
332 3693 455 3750 fratrum
471 3695 648 3751 describitur
661 3697 848 3753 meminisse:
866 3699 917 3771 qui
971 3698 1041 3771 quiu
1056 3716 1108 3752 cuc
1122 3715 1202 3770 opus,
1219 3712 1270 3753 uec
1282 3697 1374 3767 ratic,
1384 3713 1436 3752 uec
1448 3695 1582 3766 scicntia,
1592 3686 1773 3767 uerscptcstta

91 3781 239 3838 Abrabam
253 3781 383 3855 petiit,ut
398 3783 538 3839 Lazarum
554 3784 588 3838 ad
604 3801 706 3840 eornm
722 3785 916 3841 eruditionem
971 3790 1028 3844 erit
1053 3789 1135 3857 apud
1157 3787 1276 3861 inferos,
1292 3804 1347 3860 quc
1361 3791 1394 3841 tu
1407 3802 1551 3858 properus
1562 3784 1670 3859 (Recte.
1687 3796 1721 3853 ut,
1734 3780 1773 3853 a).

93 3869 232 3938 mitteret,
250 3870 432 3927 ncillucccs
457 3872 632 3944 quandoque
656 3873 804 3931 venientes
832 3893 918 3947 prena
972 3876 1512 3950 tlinclsuiasait:()umritevertunum
1526 3874 1775 3947 contraveneris
1811 3870 1817 3881 '

93 3958 306 4024 cruciaret.Qui
318 3958 409 4032 igitur
419 3960 454 4015 ad
466 3959 789 4018 dolorissuicumulum
802 3962 918 4036 propiu—
971 3972 1037 4034 test,
1053 3967 1183 4022 inccrutc
1199 3983 1265 4022 cum
1281 3965 1352 4021 ctum
1365 3981 1454 4038 prope
1468 3971 1509 4020 est
1525 3965 1596 4037 (Iso.
1614 3971 1658 4034 tv,
1672 3966 1709 4034 6).
1722 3956 1775 4018 liidc

93 4064 218 4121 quorum
241 4045 396 4104 absentum
422 4047 566 4118 meminit,
583 4054 696 4107 constat
712 4051 812 4123 procul
827 4052 917 4109 (lubio
973 4055 1080 4111 Paulus
1096 4053 1167 4110 dicit
1183 4071 1189 4110 :
1207 4059 1277 4111 Eece
1299 4070 1375 4109 nunc
1399 4058 1512 4126 tempus
1525 4050 1718 4124 acceptabile,
1729 4054 1776 4106 etet

92 4136 163 4209 quia
177 4152 227 4192 cos
242 4134 277 4193 ad
295 4141 486 4209 augmentum
499 4137 636 4211 supplicii
648 4142 736 4212 paulo
747 4146 813 4212 post
823 4141 918 4213 potuit
971 4162 1047 4200 uittae
1063 4144 1127 4200 (ties
1140 4143 1249 4199 salutis
1265 4142 1301 4216 (ll
1315 4141 1379 4197 Cor.
1396 4159 1434 4208 vr,
1451 4142 1490 4214 2).
1508 4140 1583 4198 Hinc
1608 4148 1709 4199 rursus
1728 4135 1774 4196 ait:

91 4224 180 4283 etiam
191 4230 349 4299 praesentes
358 4224 541 4295 vider-ecula
552 4233 649 4283 autern
661 4229 769 4284 mirum
781 4231 804 4284 si
817 4248 916 4286 secum
973 4238 1046 4289 Dum
1061 4243 1173 4302 teinpus
1190 4231 1337 4301 lautomas,
1353 4245 1508 4304 operemur
1530 4230 1637 4287 bonum
1651 4228 1696 4288 au
1705 4230 1776 4286 ottus

92 4309 617 4390 quoquereprobosaspicitcrernari,
630 4318 727 4389 quiad
745 4318 853 4376 doloris
870 4319 917 4375 sui
971 4321 1050 4395 (Gal.
1067 4340 1105 4389 vr,
1124 4320 1177 4393 10).
1193 4322 1229 4377 llt
1244 4321 1314 4378 item
1330 4319 1553 4392 scriptumest:
1570 4320 1655 4377 Beati
1677 4318 1776 4395 pacm

92 4403 245 4461 cumulum
256 4421 324 4459 eum
337 4420 424 4476 quern
436 4405 606 4478 despexerat
617 4405 646 4461 iu
658 4404 724 4462 sinu
735 4407 855 4463 Abrabae
867 4409 917 4464 La·
971 4416 1049 4467 tectu
1060 4415 1126 4466 suat
1139 4415 1265 4484 peccata
1280 4407 1373 4480 (Psot.
1388 4425 1465 4477 xxxi,
1476 4409 1514 4477 1).
1530 4408 1688 4466 Peccantes
1700 4406 1776 4478 itaque

93 4507 192 4546 aarum
207 4491 310 4548 videt?
325 4493 387 4559 Qua
400 4510 433 4548 cx
448 4511 478 4548 rc
494 4491 651 4567 colligitur,
668 4497 744 4568 quod
770 4514 819 4552 eos
843 4515 916 4570 quos
931 4509 955 4573 [J
971 4497 1048 4555 mala
1060 4500 1136 4554 sucta
1146 4495 1775 4570 bonisactibussuperponimusooandoago

93 4578 257 4636 inordinate
268 4598 345 4636 nunc
356 4582 470 4655 reprobi
482 4582 698 4656 diligunt,miro
704 4585 808 4657 judicii
816 4586 917 4643 ordine
972 4588 1144 4644 abdicamus
1156 4586 1235 4644 mala
1244 4605 1307 4659 quae
1320 4586 1454 4654 lecimus,
1464 4589 1493 4642 et
1503 4585 1643 4661 eligimus
1652 4586 1774 4656 mosque

93 4684 193 4723 secum
204 4670 275 4723 tunc
291 4669 320 4723 in
335 4670 489 4727 tormentis
503 4670 651 4742 videbunt,
669 4678 700 4729 ut
715 4692 831 4746 punam
848 4693 915 4747 pro·
972 4677 1213 4749 faciamus.quasi
1230 4660 1345 4750 tegmen
1362 4675 1403 4731 rei
1419 4674 1650 4748 superducimus
1661 4667 1774 4749 quanli·

93 4755 162 4828 pria
179 4755 340 4829 punitionis
351 4766 504 4833 exaggeret
515 4761 564 4816 illa
574 4763 683 4818 auctori
693 4761 847 4835 praeposita
858 4782 918 4818 car·
972 4767 1032 4823 deri
1051 4765 1263 4822 erubescimus.
1280 4764 1334 4832 Qui
1350 4781 1418 4838 ergo
1434 4765 1532 4837 priora
1547 4764 1627 4821 mala
1641 4758 1743 4827 desem,
1754 4756 1774 4811 '⁰¹

96 4844 171 4901 nutis
185 4844 319 4918 cognatio
333 4847 395 4919 pari
418 4853 485 4903 ante
508 4849 607 4906 oculos
631 4850 740 4906 ultione
767 4853 916 4908 damnata.
972 4858 1048 4912 bona
1059 4853 1206 4928 posterius
1217 4853 1295 4922 lacit,
1309 4853 1424 4927 perboc
1435 4854 1513 4927 quod
1525 4852 1609 4910 addit
1624 4852 1773 4911 transactam

92 4935 171 5010 lgnis
186 4935 295 5007 itaque,
311 4936 359 5008 qui
376 4937 405 4991 in
422 4938 600 4996 obscuritate
614 4941 917 5005 cruciat‚credendum
973 4943 1134 5017 nequitiam
1150 4942 1287 5015 tegit,eui
1302 4941 1371 4998 boni
1387 4943 1484 5015 operis
1499 4941 1607 4998 merila
1621 4931 1771 5016 superducit

91 5032 136 5082 est
146 5024 215 5099 quia
229 5024 329 5080 lumen
345 5025 381 5081 ad
390 5028 534 5083 tormento
541 5045 567 5082 m
582 5031 767 5097 servat‚sieut
775 5031 917 5088 taedarum
972 5033 1106 5100 Quandiu
1132 5032 1209 5087 enim
1236 5031 1330 5087 sancti
1349 5029 1402 5086 viri
1418 5031 1448 5087 in
1463 5031 1519 5087 bac
1534 5031 1634 5088 adbuc
1649 5030 1702 5087 rita
1712 5024 1770 5087 sat

87 5115 213 5171 ‘damma
232 5110 311 5169 lucet
332 5115 465 5171 obscura.
481 5117 563 5172 'l'anc
590 5118 663 5174 odax
693 5119 812 5175 flamma
838 5138 916 5176 corn·
973 5112 1769 5194 hanenttamenquodanteboioculosoperinoebunt

92 5204 178 5260 buret
215 5220 289 5276 quos
325 5221 403 5259 nunc
437 5204 563 5262 carnalis
601 5205 753 5263 delectatio
788 5207 915 5281 polluit:
972 5210 1043 5285 quia
1058 5211 1176 5267 omnino
1189 5214 1233 5267 est
1247 5209 1481 5283 impossibilqut
1496 5208 1589 5268 autin
1604 5199 1769 5285 opereautilt

91 5296 162 5347 tnnc
188 5292 300 5348 inlinite
329 5296 434 5364 patens
464 5293 568 5348 interni
599 5295 770 5350 barathrum
800 5298 918 5355 denunt
972 5298 1410 5372 locutioneaulincogitationc
1428 5293 1769 5372 nunquamdetinquntr

93 5397 167 5452 quos
183 5397 259 5438 rrunc
275 5381 371 5439 inanis
392 5381 478 5439 elatio
494 5383 611 5450 exaltat,
628 5388 715 5456 atquc
739 5386 870 5458 quelibet
883 5405 918 5444 ex

92 5466 163 5525 vitio
187 5466 234 5525 hie
257 5469 438 5528 volunlatem
462 5469 560 5528 callidi
588 5473 750 5543 pervasoris
780 5491 917 5532 exercue-
1367 5490 1401 5500 “

94 5562 173 5628 runt,
190 5562 260 5616 tnnc
275 5577 343 5617 cum
359 5560 432 5617 duce
448 5578 500 5617 suo
517 5560 631 5633 reprobi
647 5561 682 5616 ad
695 5564 842 5620 tormenta
856 5580 919 5638 per·
