3824 6096
114 248 178 317 su
634 248 685 311 nu
707 250 790 313 NNN
811 249 863 310 nr
884 249 963 310 N0N
985 248 1105 310 rama
1127 250 1307 313 neuram.
1764 218 1823 319 sis

105 380 510 455 beatitudinis,atqueunius
519 383 949 454 potestatis‚uttrinasitunitas
961 384 990 449 A
1003 382 1164 454 citur,quia
1176 389 1219 438 est
1229 384 1254 439 ei
1268 384 1351 439 Pater
1363 400 1369 439 :
1381 385 1424 440 sic
1434 389 1462 441 ot
1478 387 1603 459 Spiritus
1613 394 1733 447 sanctus
1747 392 1823 447 rela-

101 472 219 527 etune
235 470 275 525 sit
289 469 519 540 Trinitas,juxta
530 471 609 526 vocis
625 472 781 527 llominice
796 472 946 527 veritatem
1002 472 1057 526 tire
1067 472 1239 544 dicitur,qui
1250 479 1295 526 est
1304 474 1395 527 Patris
1407 473 1528 545 Titiique
1540 477 1674 547 Spiritus.
1683 481 1733 535 His
1745 481 1823 536 enim

95 558 195 617 m
216 559 364 615 dicentis:
381 560 428 624 lte,
440 559 528 615 docete
547 575 638 616 amires
662 570 761 632 prutes,
783 561 948 633 baptizantes
1002 559 1248 632 appellationibus
1268 560 1323 615 hoc
1341 562 1534 632 significator,
1547 565 1623 619 eeu
1639 570 1715 638 ‹pnod
1737 570 1771 623 ad
1793 587 1824 624 se

92 663 153 707 ιω
167 648 202 702 in
216 650 333 704 nomiae
346 649 436 704 Patris
451 657 477 703 et
490 649 556 704 Filii
569 658 594 705 et
608 650 729 722 Spiritus
743 653 830 707 attracti
845 651 946 722 (illuttlt.
1002 648 1125 703 invicem
1137 650 1313 704 reseruntur.
1326 650 1398 704 Nam
1410 651 1473 722 ipsa
1484 652 1649 708 substantia
1660 672 1716 726 qua
1733 675 1823 713 unum

86 753 216 806 nvait,
237 737 294 804 19).
311 736 342 792 ln
362 737 490 802 nornine,
508 737 613 810 iuquit,
631 756 687 795 non
712 740 741 794 in
766 740 947 805 nominibus,
1002 738 1825 812 suut,proindeTrinitasinrelativispersouarumuomi-

86 828 137 885 ιιι
156 828 196 880 et
210 841 309 880 unum
321 825 412 880 Deum
424 843 476 897 per
485 825 690 883 indistinctum
701 816 807 883 divina
815 829 948 884 essentiae
1003 825 1090 881 nibus
1101 830 1154 881 cst.
1164 826 1262 881 Deitas
1273 844 1330 881 non
1343 826 1515 898 triplicatur,
1523 831 1572 885 sed
1585 829 1613 884 iu
1623 830 1826 903 singularitate

88 930 225 977 nomen
237 915 416 984 ostenderet,
425 919 454 970 ct
464 932 656 988 personarum
668 917 873 974 discretionem
887 920 949 975 suis
1003 914 1135 986 cst,quia
1145 915 1168 969 si
1180 914 1354 986 triplicatur,
1363 917 1484 971 deornm
1496 917 1664 975 inducturus
1679 919 1828 991 pluralitu-

85 1003 355 1065 demonstratam
379 1004 607 1076 proprietatibus
622 1007 755 1062 edoceret
768 1024 774 1063 :
787 1008 857 1079 quia
877 1008 948 1063 dum
1004 1009 1073 1058 teni.
1085 1004 1196 1058 Nomen
1208 1009 1305 1058 autem
1318 1004 1437 1059 deorum
1452 1005 1480 1060 in
1493 1006 1605 1079 angelis
1616 1013 1644 1063 et
1655 1009 1766 1064 sanctis
1776 1010 1826 1064 ho·

84 1091 319 1153 tribusunum
331 1091 951 1166 deitatisnomencst,aequalitasostenditur
1005 1091 1134 1147 minibus
1155 1092 1218 1147 ideo
1235 1091 1389 1163 pluraliter
1408 1093 1525 1160 dicitur,
1543 1099 1753 1169 propterquod
1770 1115 1827 1154 non
1849 1166 1855 1178 ,

90 1197 327 1263 personarum,
342 1184 370 1236 et
384 1198 487 1237 rursus
503 1183 655 1254 equalitas
671 1201 861 1256 personarum
878 1184 950 1241 nihil
1004 1180 1063 1235 sint
1079 1180 1181 1235 nierito
1192 1180 1329 1253 eqirales,
1341 1180 1376 1235 de
1392 1182 1501 1253 ortibus
1517 1183 1662 1252 Psalmus,
1678 1187 1732 1256 Epo
1746 1186 1826 1242 ciri:

93 1275 305 1336 extraneum,
318 1269 389 1325 nihil
404 1269 539 1326 accidens
555 1271 584 1327 in
596 1273 638 1329 cis
653 1273 796 1345 permittit
806 1273 948 1347 intelligi:
1004 1271 1050 1324 liii
1064 1271 1127 1324 estis
1142 1271 1226 1341 (Paul.
1244 1287 1335 1324 cxxxi.
1346 1272 1375 1338 6)
1387 1288 1393 1325 :
1406 1271 1441 1325 de
1457 1272 1541 1328 Patre
1556 1266 1653 1328 autem
1669 1278 1697 1329 et
1713 1275 1784 1332 Titio
1800 1280 1829 1331 et

103 1362 149 1419 ita
169 1362 212 1414 ut
227 1357 438 1430 unusquisque
456 1375 556 1414 eorum
572 1377 658 1416 verus
683 1361 888 1433 perfectusque
911 1360 952 1416 sit
1005 1357 1114 1429 Spiritu
1137 1363 1248 1425 saneto,
1262 1364 1379 1430 propter
1401 1377 1490 1416 unam
1513 1367 1540 1415 et
1564 1364 1705 1434 aqiralem
1722 1365 1827 1419 divini·

105 1449 208 1514 oeus,
220 1451 253 1504 et
270 1463 373 1502 omnes
386 1451 446 1501 tres
467 1447 555 1503 simul
581 1465 668 1516 unus,
680 1465 776 1516 verus,
788 1451 951 1521 perlectos·
1005 1452 1107 1513 tatem,
1120 1464 1175 1501 noir
1193 1465 1298 1502 nornen
1312 1449 1443 1515 deorum,
1456 1450 1505 1504 sed
1519 1450 1569 1505 Dei
1580 1468 1643 1506 esse
1654 1453 1826 1520 ostenditur,

115 1552 170 1610 que
181 1535 226 1591 sit
238 1536 322 1591 Deus
332 1552 339 1591 ε
351 1534 484 1590 videlieet
494 1540 527 1590 ut
537 1553 570 1591 ex
583 1535 766 1609 plenitudine
779 1538 950 1608 divinitatis,
1005 1535 1082 1591 sicut
1096 1536 1136 1589 ait
1152 1536 1307 1607 Apostolus
1324 1554 1330 1591 z
1348 1537 1429 1592 Nobis
1442 1546 1532 1593 tarraco
1548 1555 1619 1594 riuos
1640 1541 1711 1596 Deus
1726 1541 1748 1612 (l
1764 1546 1828 1598 (or.

120 1624 193 1682 nihil
211 1625 319 1680 minus
334 1624 364 1679 in
380 1623 515 1695 singulis,
528 1623 601 1679 nihil
624 1625 751 1697 amplius
770 1626 952 1699 intelligatur
1005 1627 1119 1692 v111,li);
1135 1624 1177 1679 sel
1195 1626 1271 1679 sicut
1284 1643 1352 1680 voce
1377 1626 1475 1681 divina
1498 1627 1606 1682 dicitur
1618 1645 1624 1684 :
1638 1629 1717 1697 Aucti,
1733 1632 1828 1698 lsrael,

124 1716 147 1770 in
160 1713 297 1770 trihus.»
307 1713 342 1768 st
357 1713 386 1769 in
400 1712 447 1767 his
457 1713 562 1782 verbis,
572 1713 648 1770 sicut
663 1719 690 1770 et
704 1715 734 1769 in
744 1717 952 1789 suprascriptis
1006 1715 1136 1769 Dorulaus
1153 1714 1220 1769 lbos
1235 1722 1297 1769 tatis
1311 1715 1381 1770 Deus
1403 1731 1475 1770 terras
1489 1725 1528 1771 cat
1543 1718 1630 1787 (Desit.
1641 1734 1680 1784 vr,
1696 1719 1733 1790 4),
1752 1719 1829 1774 scili·

128 1804 199 1861 beati
215 1802 376 1876 Augustini
393 1803 557 1871 sententiis,
571 1804 811 1861 manifestissime
827 1807 953 1877 pervide·
1007 1803 1074 1858 licet
1089 1808 1121 1857 ut
1135 1809 1163 1858 et
1179 1804 1307 1858 Trinitas
1331 1804 1379 1871 sit,
1390 1808 1419 1859 et
1434 1822 1511 1860 unus
1535 1805 1677 1862 Dominus
1688 1806 1765 1863 Deus
1781 1808 1829 1865 sit.

131 1899 181 1960 tar,
192 1893 267 1966 quia
277 1892 381 1957 deitas,
391 1907 455 1964 qua
465 1891 605 1947 trinitatis
615 1897 658 1948 est
669 1893 863 1961 unitas,trina
875 1895 953 1951 credi
1008 1890 1093 1945 Fides
1108 1889 1186 1962 apud
1203 1890 1317 1946 Graecos
1328 1891 1362 1945 de
1373 1891 1514 1947 Trinitate
1528 1892 1580 1949 hec
1597 1897 1684 1951 moda
1694 1902 1738 1953 est
1750 1914 1755 1952 :
1768 1897 1832 1953 Una

130 1987 154 2039 el
175 1980 236 2038 diei
265 1997 325 2037 non
349 1980 445 2049 debet,
462 1981 512 2036 sed
535 1986 654 2054 propter
674 1983 953 2055 inseparabilitatem
1007 1986 1086 2045 οὐσια,
1103 1994 1135 2032 ac
1152 1978 1175 2032 si
1193 1977 1270 2033 dicat
1284 1996 1344 2033 una
1358 1983 1471 2047 natura,
1485 1985 1536 2035 aut
1551 1999 1610 2037 una
1624 1985 1761 2052 essentia,
1773 1990 1831 2042 tres

130 2075 154 2127 et
165 2069 367 2144 equalitatem
383 2068 472 2124 tuum
489 2085 690 2140 personarum,
704 2089 766 2144 quae
778 2089 870 2128 unum
885 2077 954 2129 sunt
1008 2066 1190 2139 hypostases,
1204 2067 1281 2137 quod
1298 2073 1414 2123 resonat
1429 2069 1457 2123 in
1475 2069 1621 2139 Latinum,
1634 2072 1678 2128 vel
1693 2077 1752 2128 tros
1767 2091 1831 2146 per-

130 2158 245 2226 deitate,
261 2157 468 2230 inseparabilis
488 2157 517 2213 in
534 2158 645 2214 eisdem
672 2160 797 2233 singulis
822 2162 955 2234 personis
1009 2173 1107 2227 serias,
1119 2155 1162 2210 vel
1177 2161 1236 2211 tres
1257 2157 1449 2212 substantias.
1462 2159 1534 2213 Nam
1557 2160 1698 2216 Latinitas
1717 2162 1833 2234 proprie

131 2251 189 2304 tota
202 2247 292 2320 plena
304 2251 334 2302 et
354 2246 481 2319 perlecta
497 2247 574 2303 credi
591 2252 618 2303 et
634 2248 689 2303 dici
707 2267 713 2304 :
730 2266 763 2304 ao
778 2251 896 2322 praelato
912 2252 955 2305 in-

135 2335 248 2392 tellectu
272 2335 482 2408 superscriptio
503 2336 647 2393 sermonis
669 2338 763 2393 sancti
786 2341 954 2412 Augustini,

135 2424 208 2482 deut
230 2423 295 2497 ipse
309 2423 452 2496 exposuit,
469 2424 554 2479 debet
577 2424 711 2498 intelligi.
726 2428 761 2481 Nl
776 2429 845 2498 quia
860 2429 896 2482 de
912 2429 958 2484 lus

134 2511 239 2580 verbis,
249 2527 315 2584 que
327 2511 468 2567 catholice
479 2529 496 2566 a
506 2511 657 2569 catholicis
669 2520 698 2569 et
712 2514 916 2589 intelliguntur
930 2523 958 2572 et

134 2601 330 2674 proteruntur,
342 2601 377 2655 ah
393 2599 545 2667 hereticis,
558 2601 636 2656 sicut
650 2603 727 2657 etde
743 2602 879 2675 pluribus
894 2623 959 2661 san·

133 2693 182 2745 cte
200 2689 359 2760 Scriptura
375 2688 482 2757 verbis,
494 2688 556 2744 visa
571 2690 628 2745 scri
651 2696 720 2746 sunt
745 2692 892 2758 scandala,
910 2712 958 2749 ar-

135 2777 401 2835 thodoxidoetores
427 2783 455 2834 et
483 2779 615 2851 magistri
642 2780 774 2837 Ecclesia
805 2782 834 2837 in
864 2788 958 2839 totuin

135 2867 221 2924 taceri
237 2865 393 2923 voluerunt
416 2866 524 2922 trinam
541 2868 695 2940 unitatem,
712 2869 789 2926 sicut
803 2875 831 2925 et
851 2871 958 2927 trinam

136 2955 285 3026 deitatem,
297 2961 325 3011 et
340 2959 399 3011 tres
421 2956 498 3027 apud
521 2957 638 3012 Latinos
653 2959 843 3028 substantias,
861 2959 958 3015 dicen·

137 3048 178 3100 tes
187 3044 245 3101 boc
254 3045 340 3100 modo
352 3061 359 3099 :
372 3043 500 3099 Trinitas
519 3044 771 3119 appellaturquod
792 3048 842 3102 liat
864 3053 958 3104 totum

1010 2262 1068 2300 non
1083 2245 1200 2299 dicitde
1216 2245 1274 2300 Deo
1291 2245 1346 2299 nisi
1362 2247 1539 2305 essentiam:
1554 2250 1751 2306 substantium
1767 2269 1833 2308 vcro

1010 2353 1067 2390 non
1090 2334 1203 2405 proprie
1218 2334 1298 2406 dicit,
1311 2336 1361 2390 sed
1382 2335 1511 2406 abusive,
1522 2339 1662 2409 quoniam
1676 2357 1741 2396 vere
1760 2342 1832 2397 sub·

1011 2424 1119 2479 stantia
1135 2424 1211 2495 apud
1231 2423 1344 2480 Graecos
1360 2442 1484 2498 persona
1509 2428 1691 2502 intelligitur,
1709 2447 1765 2485 nou
1782 2447 1833 2485 na·

1012 2520 1086 2568 tara.
1099 2513 1133 2567 Et
1148 2513 1215 2568 hinc
1226 2519 1354 2569 ‘sanctas
1375 2514 1567 2587 Hieronymus
1583 2518 1714 2573 scribens
1727 2519 1762 2574 ad
1778 2519 1834 2573 Da·

1012 2618 1128 2656 masam
1157 2619 1262 2673 papam
1292 2602 1361 2656 dicit
1386 2606 1473 2674 (epist.
1487 2608 1574 2672 57):«
1593 2607 1726 2662 Sufficiat
1750 2608 1834 2663 nobis

1012 2691 1107 2745 dicare
1124 2706 1212 2744 unam
1225 2690 1431 2757 substantiam,
1443 2696 1502 2747 tres
1517 2711 1656 2764 personas
1671 2697 1834 2752 subsisten-

1012 2784 1067 2844 tes,
1089 2779 1240 2848 perl'ectus,
1258 2778 1394 2849 equales,
1413 2784 1571 2836 coeternas
1583 2799 1590 2836 ι
1604 2787 1754 2839 taceantur
1776 2789 1835 2840 tres

1013 2867 1194 2940 hypostases,
1219 2867 1244 2921 si
1269 2865 1372 2938 placet,
1385 2872 1413 2922 et
1429 2884 1487 2923 una
1508 2872 1640 2925 teneatur
1656 2887 1662 2925 :
1680 2888 1736 2926 non
1754 2873 1835 2927 honre

1013 2954 1190 3024 suspicionis
1205 2957 1259 3020 cst,
1272 2969 1339 3008 oum
1355 2953 1384 3007 in
1400 2954 1501 3009 eodem
1517 2971 1606 3010 sensu
1621 2957 1708 3012 verba
1722 2957 1835 3012 dissen-

1013 3044 1101 3098 tiunt.
1114 3042 1246 3096 Sul'lioiat
1264 3038 1349 3097 nobis
1369 3048 1530 3099 memorata
1548 3043 1706 3100 credulitas
1722 3061 1729 3100 :
1745 3051 1796 3100 aut
1810 3047 1836 3101 si

138 3149 227 3190 unum
238 3149 273 3188 ex
283 3133 461 3206 quibusdam
473 3132 665 3206 tribus,quasi
677 3136 815 3204 Trinitas,
828 3137 961 3194 videlicet
975 3119 996 3184 C
1015 3136 1125 3187 rectum
1136 3130 1246 3201 putatis
1257 3134 1316 3186 tres
1328 3131 1500 3202 hypostases
1511 3149 1578 3187 cum
1590 3133 1835 3206 interpretationi·

137 3223 224 3279 trium
241 3223 351 3287 unitas,
369 3227 400 3277 ut
421 3222 573 3290 memoria,
591 3222 793 3297 intelligentia,
809 3230 838 3281 et
855 3226 960 3282 volun-

136 3315 191 3377 tas,
200 3313 231 3368 in
241 3311 350 3384 quihus
360 3328 444 3367 mens
454 3312 544 3367 habet
553 3312 583 3367 in
592 3330 624 3369 se
632 3315 790 3385 quamdam
802 3315 959 3388 imaginem

141 3399 241 3455 ditias
252 3399 415 3456 Trinitatis.
427 3401 501 3455 Nam
517 3401 588 3456 dum
604 3403 660 3457 tria
679 3408 759 3471 sant,
771 3422 863 3460 unum
881 3409 960 3472 sunt,

150 3487 211 3557 quia
224 3491 252 3544 et
267 3488 384 3561 singula
394 3488 424 3543 in
435 3506 467 3545 se
477 3494 606 3557 manent,
618 3495 646 3546 et
662 3493 760 3548 omnia
772 3493 801 3548 in
813 3494 960 3563 omnibus,

148 3571 224 3630 Pater
236 3575 328 3648 igitur
336 3579 364 3632 el
376 3576 466 3633 Filius
476 3581 505 3633 et
515 3578 642 3650 Spiritus
653 3585 781 3649 sanctus,
795 3583 924 3638 Trinitas
933 3588 962 3639 et

155 3661 246 3721 unitas.
264 3665 343 3722 ldem
359 3666 437 3722 enim
454 3684 557 3737 unum,
572 3668 650 3724 idem
666 3673 694 3724 ot
708 3670 773 3738 tria,
786 3688 879 3726 unum
895 3689 961 3744 pra·

159 3753 208 3821 pter
219 3755 379 3826 maiestatis
394 3757 643 3823 communionem,
659 3758 714 3815 tria
729 3763 847 3832 propter
863 3778 961 3832 perso·

163 3853 245 3898 aarum
258 3845 477 3915 proprietatem.
490 3845 563 3901 Nam
574 3846 650 3902 alius
666 3846 758 3916 Pater,
771 3848 846 3905 alius
860 3849 961 3916 Filius,

167 3923 220 3985 ilius
233 3931 357 4004 Spiritus
372 3936 503 3998 sanctus,
516 3934 566 3989 sod
583 3933 658 3990 alius
669 3936 787 4008 quidem
799 3955 856 3992 non
872 3938 961 4008 aliud,

168 4016 217 4084 quia
227 4021 333 4092 pariter
346 4020 470 4094 simplex
480 4022 647 4095 pariterque
663 4023 902 4081 incommutabile
917 4027 964 4082 bo·

169 4115 257 4164 eluet
270 4113 459 4166 coeternum.
474 4110 559 4166 Pater
582 4111 664 4168 solus
685 4130 742 4169 nan
768 4118 813 4169 est
836 4115 872 4170 de
895 4114 962 4183 alio,

169 4187 215 4249 ideo
225 4198 299 4256 solus
314 4198 480 4272 appellatur
495 4200 643 4274 ingenitus
657 4219 663 4256 :
677 4201 767 4258 Filius
777 4202 857 4258 solus
868 4205 903 4259 dc
914 4203 963 4260 Pa·

169 4281 243 4341 lleat
253 4291 348 4357 natus,
360 4287 425 4345 ideo
440 4287 520 4345 solus
537 4289 644 4345 dieitur
658 4290 774 4362 genitus
786 4307 792 4345 ι
803 4292 885 4349 solus
900 4294 964 4366 Spi-

170 4365 225 4427 tlltu
235 4381 350 4434 sauctus
366 4378 401 4433 de
421 4377 503 4433 Patre
518 4382 547 4434 et
567 4378 638 4433 Filio
652 4381 790 4451 procedit,
804 4381 868 4437 ideo
884 4383 965 4441 salus

1015 3221 1070 3276 bus
1081 3218 1143 3275 suis
1154 3219 1259 3274 debere
1270 3235 1322 3274 nos
1334 3219 1439 3283 dicere,
1451 3237 1508 3275 non
1526 3237 1681 3293 negamus;
1697 3224 1747 3278 sed
1764 3223 1837 3278 mihi

1015 3309 1283 3376 credite,venenum
1304 3310 1357 3364 sub
1377 3307 1462 3364 melle
1482 3307 1562 3377 latet,
1574 3311 1792 3384 transfiguravit
1807 3329 1838 3369 se

1015 3396 1137 3470 angelus
1153 3397 1267 3451 Satanae
1287 3396 1316 3452 in
1332 3396 1468 3471 angelum
1484 3397 1636 3454 tucis.»ut
1651 3400 1736 3471 paulo
1751 3418 1838 3473 supr·

1016 3486 1077 3541 rius
1094 3486 1157 3540 :litt
1172 3486 1318 3557 quomodo
1335 3502 1490 3542 commune
1506 3503 1612 3542 nomen
1628 3489 1760 3543 essentia
1776 3506 1840 3560 pro·

1016 3575 1113 3647 prium
1125 3574 1181 3629 sibi
1191 3574 1319 3629 vindicat
1330 3575 1427 3631 lleus‘l
1442 3577 1496 3631 Sed
1508 3577 1578 3648 quia
1592 3576 1642 3631 illa
1657 3578 1718 3632 sola
1732 3581 1839 3633 natura

1015 3670 1060 3720 est
1075 3666 1213 3736 perlecta,
1229 3670 1257 3719 et
1272 3664 1301 3719 in
1322 3665 1417 3720 trihus
1440 3666 1572 3737 personis
1587 3667 1680 3722 deitas
1696 3684 1755 3721 una
1769 3667 1838 3721 sub·

1017 3755 1104 3822 sistit,
1117 3772 1180 3826 ques
1195 3760 1239 3809 est
1253 3770 1329 3820 vere,
1340 3760 1368 3810 ct
1383 3772 1442 3809 una
1455 3760 1559 3811 natura
1574 3760 1628 3821 est,
1639 3754 1773 3829 quisquis
1785 3757 1841 3811 tria

1017 3860 1091 3912 csse,
1104 3843 1158 3899 hoc
1173 3848 1218 3898 cst
1231 3847 1291 3899 tres
1306 3859 1369 3899 esse
1389 3842 1570 3915 hypostases,
1581 3843 1612 3899 id
1628 3848 1673 3899 est
1690 3844 1780 3912 usias,
1797 3845 1840 3899 di-

1017 3932 1067 3997 cit,
1080 3934 1134 3987 sub
1151 3932 1268 3987 nomine
1283 3931 1399 4004 pietatis
1415 3936 1475 3987 tres
1489 3936 1610 3988 naturas
1625 3941 1748 3988 conatur
1762 3950 1841 3990 asse·

1018 4025 1129 4087 re1·e,et
1145 4020 1169 4075 si
1185 4020 1226 4075 ita
1237 4024 1350 4085 est,cur
1364 4021 1400 4075 ab
1415 4021 1483 4075 Ario
1499 4021 1658 4093 parietibus
1672 4039 1843 4093 separamur

1018 4111 1142 4183 perfidia
1160 4109 1306 4182 copulati?
1333 4110 1480 4182 iungatur
1503 4127 1570 4164 cuni
1596 4110 1777 4165 beatitudine
1792 4115 1843 4165 tua

1019 4199 1181 4265 Ursicinus,
1194 4216 1262 4255 cum
1272 4199 1425 4254 Ambrosio
1437 4198 1732 4254 societurltusentius
1744 4216 1751 4254 ε
1764 4198 1842 4253 absit

1019 4288 1074 4344 hoc
1089 4307 1106 4344 a
1121 4291 1252 4344 Romana
1275 4288 1341 4351 lide,
1356 4287 1543 4359 sacrilegium
1567 4291 1681 4342 tantum
1708 4286 1844 4358 religiosa

1020 4376 1195 4452 populorum
1207 4378 1295 4432 corda
1310 4394 1366 4432 non
1383 4376 1548 4431 hauriant.»
1559 4376 1593 4430 ut
1608 4375 1677 4431 item
1692 4374 1843 4447 aliquanto

170 4457 294 4521 tmhorum
310 4470 499 4539 nuncupatur
509 4465 646 4538 Spiritus.
659 4468 693 4522 lit
708 4469 737 4522 in
753 4469 808 4525 bae
823 4469 966 4527 Trinitate
983 4488 1004 4552 p
1019 4466 1155 4539 superius
1168 4464 1423 4532 :«Cla1namus,Si
1436 4465 1503 4537 quis
1519 4469 1578 4520 tres
1592 4463 1774 4538 hypostases,
1792 4468 1844 4520 aut

170 4541 214 4601 tlh
230 4558 290 4610 sunt
315 4554 435 4610 nomina
459 4552 644 4627 appellativa,
661 4555 718 4612 elia
742 4558 858 4629 propria
884 4564 964 4615 sunt.
1021 4555 1077 4611 tria
1091 4555 1291 4627 enhypostata,
1305 4555 1332 4608 id
1349 4558 1393 4609 est
1407 4559 1466 4609 tres
1486 4553 1680 4610 subsistentes
1704 4570 1844 4627 personas

169 4631 263 4710 Propria
275 4647 345 4700 sunt
366 4638 544 4714 essentialia,
556 4648 589 4699 ut
603 4644 689 4713 Deus,
700 4646 849 4715 Dominus,
866 4648 966 4705 Omni·
1021 4646 1187 4710 confitetur,
1198 4644 1355 4699 anathema
1370 4643 1423 4712 sit;
1440 4648 1469 4700 et
1480 4643 1548 4715 quia
1558 4644 1699 4699 vocabula
1714 4661 1772 4699 non
1787 4645 1846 4700 edi-

169 4726 258 4799 libens,
272 4731 479 4801 lmmutabilis,
497 4732 684 4802 Immortalis,
701 4738 730 4790 et
750 4734 818 4792 inde
839 4737 967 4810 propria,
1021 4735 1144 4802 scimus,
1159 4732 1285 4788 heretici
1306 4732 1486 4804 judicamur.
1503 4733 1532 4789 Si
1549 4733 1615 4805 quis
1639 4741 1737 4790 autem
1755 4734 1844 4808 hypo·

168 4811 316 4891 qulaipsam
326 4822 521 4878 substantiam
531 4822 877 4897 significant,quiaunum
887 4831 966 4883 sunt.
1022 4823 1125 4881 stasim
1141 4822 1236 4877 usiam
1262 4819 1438 4894 intelligens,
1456 4839 1513 4876 non
1539 4822 1568 4877 in
1593 4823 1687 4879 tribus
1712 4824 1845 4895 personis

166 4903 323 4976 Appellativa
337 4928 415 4977 vero,
432 4911 517 4967 Pater
540 4916 568 4968 et
590 4911 680 4967 Filius
699 4918 728 4968 et
747 4914 875 4986 Spiritus
900 4933 968 4972 san·
1024 4929 1113 4969 unam
1129 4910 1310 4984 hypostasim
1334 4911 1417 4976 dicit,
1437 4911 1550 4967 alienus
1566 4930 1582 4967 a
1597 4912 1713 4969 Christo
1734 4919 1779 4968 cst
1795 4931 1801 4967 :
1818 4916 1846 4967 et

165 4994 225 5063 elus,
235 4997 380 5073 ingenitus
399 5004 427 5057 et
453 5001 568 5074 genitus
584 5005 613 5057 et
632 5003 791 5074 procedens
804 5020 810 5058 :
825 5005 925 5060 eadem
941 5014 970 5066 et
1024 5001 1144 5059 subhac
1155 5000 1336 5056 confessione
1347 5001 1497 5056 vobiscum
1510 5002 1753 5073 paritercauteric
1767 4999 1846 5054 unio·

162 5079 357 5163 relativa,quia
372 5090 408 5145 ad
425 5088 596 5146 seinvicem
613 5091 789 5148 referuntur.
802 5093 874 5148 Cum
892 5096 970 5151 enim
1025 5094 1071 5149 nis
1087 5092 1243 5148 inurimur.
1259 5090 1420 5145 Discernite
1435 5091 1458 5146 si
1475 5089 1569 5164 placet
1590 5091 1718 5156 obsecro,
1732 5105 1787 5143 non
1809 5089 1845 5143 ti-

159 5173 350 5246 diellurDeus,
362 5178 491 5235 essentia
503 5183 557 5248 est,
570 5178 639 5252 quia
654 5182 689 5236 ad
701 5182 831 5254 seipsum
843 5182 970 5249 dicitur3
1024 5184 1109 5238 melre
1131 5187 1191 5238 tres
1210 5179 1382 5253 hypostases
1398 5179 1492 5235 dicere
1510 5196 1516 5236 :
1534 5179 1558 5235 si
1570 5179 1692 5250 jubetis,
1704 5177 1847 5233 condatur

155 5280 216 5323 eum
228 5282 292 5323 Nero
311 5267 419 5323 dicitur
440 5267 533 5336 Pater,
546 5271 576 5324 et
597 5268 697 5337 Filius,
709 5274 737 5325 et
757 5270 885 5342 Spiritus
900 5290 968 5329 san·
1024 5289 1099 5327 nova
1114 5275 1180 5344 pest
1195 5269 1340 5324 Nicienam
1361 5269 1444 5336 tides,
1462 5274 1490 5324 ct
1505 5268 1651 5323 similibus
1667 5266 1761 5321 verbis
1778 5283 1846 5322 cum

152 5353 968 5429 tus,relativediountar,quiandseinviccmreleruntnr.
1023 5360 1139 5416 Arianis
1166 5359 1359 5414 conliteamur
1382 5356 1545 5413 orthodoxi.
1566 5357 1639 5411 Tota
1662 5355 1847 5413 secularium

147 5445 220 5505 Nan
233 5443 316 5502 Pater
330 5462 388 5501 non
405 5446 441 5502 ad
456 5446 599 5518 seipsum,
610 5446 661 5501 sed
679 5447 713 5503 ad
732 5447 837 5504 Filium
854 5450 970 5510 relative
1023 5450 1187 5506 litterarum
1200 5448 1301 5504 schola
1312 5446 1384 5502 nihil
1396 5447 1473 5502 aliud
1491 5444 1672 5517 hypostasim
1684 5444 1740 5501 nisi
1752 5444 1847 5504 usiam

145 5532 263 5603 dicitur,
273 5533 401 5610 quiaest
415 5535 441 5592 ei
456 5534 547 5593 Filius
562 5552 569 5594 ι
587 5535 629 5594 sio
644 5539 672 5593 et
687 5536 778 5597 Filius
793 5537 910 5598 relative
925 5541 969 5601 di·
1024 5541 1113 5610 novit,
1132 5546 1160 5598 et
1175 5539 1343 5616 quisquam,
1360 5553 1439 5610 rogo,
1457 5551 1505 5593 ore
1527 5533 1669 5613 sacrilego
1694 5539 1754 5596 tres
1778 5537 1848 5598 sub·
