3810 6098
99 317 159 385 983
524 317 756 381 ulnnalsaus
779 314 1002 380 tunnensis
1024 314 1372 380 ancilluelseorus.
1749 312 1808 375 281

98 456 156 529 ejas
170 452 301 527 mysterio
322 451 503 509 redimentur.
517 452 572 509 Sed
594 455 623 507 et
641 451 758 524 quando
774 449 835 506 hae
850 448 924 506 scri·
938 451 966 517 Α
979 449 1099 522 proluit.
1111 449 1188 506 Sient
1201 447 1289 518 euim,
1310 448 1407 521 inquit
1427 447 1589 515 Paulusne
1607 445 1697 504 Adam
1719 463 1811 504 omaea

98 542 223 618 psimus,
235 558 293 598 non
311 540 509 614 ignoravimus
521 544 658 596 sanctum
673 538 883 611 Augustinum,
897 539 927 593 in
980 540 1148 606 coorientur,
1165 539 1204 594 ita
1222 537 1256 594 ct'
1271 539 1301 592 in
1316 537 1423 593 Christo
1444 553 1536 593 ornam
1561 535 1812 608 vivificabantartl

97 631 235 705 Catalogo
245 629 391 686 hereseon
401 628 680 695 adOuodvultdeum
692 627 848 684 diaconum
858 626 927 683 scri·
981 627 1041 684 Cor.
1053 645 1099 695 xv,
1112 631 1169 695 22).
1181 627 1252 683 Hinc
1269 631 1389 682 sanctus
1399 626 1572 682 Ambrosius
1589 626 1617 681 in
1634 625 1805 682 Commenta

97 725 158 795 pto,
172 717 348 793 octogesimo
365 716 427 773 loco
449 717 584 772 heresim
606 716 798 788 descripsisse
817 717 852 771 dc
867 733 927 788 qua
980 716 1074 789 ipsius
1090 715 1225 789 Epistola
1242 732 1266 770 :«
1283 717 1342 771 llec
1357 715 1438 783 dicit,
1453 714 1522 788 quia
1535 713 1614 771 sicut
1628 714 1725 770 Adam
1739 730 1806 788 pec-

98 809 171 866 dicit
182 827 206 864 z«
218 808 269 865 Est
283 806 414 872 heresis,
428 822 490 878 quea
506 805 578 860 dicit
592 805 786 861 descendente
799 805 833 858 ad
851 803 924 860 inio—
980 821 1050 861 cans
1065 809 1189 861 mortem
1211 804 1331 869 invenit,
1348 810 1377 860 et
1395 803 1501 872 tenuit,
1515 808 1549 860 ut
1564 819 1672 860 omnes
1689 819 1725 860 ex
1742 804 1801 875 eiua

97 913 146 953 ros
161 894 277 952 Christo
292 893 451 950 credidisse
471 893 647 960 incredulos,
658 897 687 948 et
701 909 803 950 ornnes
822 891 925 949 exinde
978 894 1090 968 origine
1101 893 1308 960 dissolvantur,
1321 893 1361 949 ita
1371 892 1543 949 etChristus
1555 908 1615 949 non
1631 908 1767 965 peccans,
1776 895 1801 949 et

96 983 244 1041 liberatos.
259 1006 273 1033 »
284 983 320 1039 ht
334 981 529 1039 venerabilem
552 982 754 1054 presbyterum
769 982 877 1037 Bedam
894 981 924 1037 in
977 999 1029 1054 per
1045 983 1098 1039 hoc
1113 983 1233 1037 vincens
1249 986 1372 1038 mortem
1389 982 1471 1054 (quia
1484 983 1535 1055 qui
1551 998 1611 1038 non
1627 984 1731 1054 peccat
1742 981 1797 1036 vin·

96 1072 275 1147 expositione
289 1072 390 1144 prime
406 1070 542 1144 Epistola
559 1071 634 1125 Petri
647 1075 717 1141 (cop.
729 1070 756 1143 3)
769 1070 923 1143 scripsisse
977 1071 1017 1127 cit
1032 1076 1167 1140 mortem,
1183 1071 1254 1143 quia
1268 1087 1349 1127 mors
1370 1087 1406 1126 ex
1430 1074 1572 1143 peccato),
1589 1069 1733 1127 omnihus
1754 1069 1797 1144 qni

95 1161 222 1236 legimus
231 1178 255 1216 z«
266 1160 390 1228 Quidam
402 1159 480 1214 hunc
490 1158 586 1215 lecum
599 1159 639 1214 ita
649 1157 858 1231 interpretatus
867 1164 922 1227 est,
977 1164 1047 1216 sunt
1062 1176 1097 1215 ex
1111 1160 1175 1232 ejus
1187 1176 1306 1233 corpere
1321 1159 1475 1232 acquisivit
1485 1159 1587 1227 vitam,
1598 1158 1630 1216 id
1646 1163 1694 1216 est
1708 1173 1796 1216 maur·

95 1251 172 1324 quod
184 1248 414 1306 consolationem
425 1246 555 1312 illam,de
564 1264 622 1318 qua
632 1246 703 1302 dicit
713 1246 854 1319 apostolis
865 1248 920 1303 Do·
976 1247 1285 1315 rectionem.Quamvis
1295 1264 1363 1321 ergo
1371 1247 1536 1320 generalem
1545 1247 1690 1304 omnibus
1699 1247 1797 1305 tribue

95 1339 205 1411 minus,
216 1338 294 1395 liutto
307 1337 448 1410 propheta²
460 1344 486 1392 et
496 1338 567 1409 justi
589 1337 733 1409 cupierant
752 1339 841 1392 vitm
859 1353 922 1408 qum
975 1337 1014 1393 rit
1029 1337 1286 1407 resurrectionem,
1299 1340 1332 1392 ut
1354 1336 1432 1392 sicut
1453 1336 1482 1392 in
1498 1336 1592 1392 Adam
1617 1350 1722 1392 omnes
1744 1335 1816 1393 sive·

95 1446 140 1487 voa
156 1429 262 1495 vidctis,
274 1436 301 1484 et
313 1443 368 1483 noe
394 1426 528 1494 uiderant,
545 1435 572 1482 et
588 1426 687 1482 audire
702 1442 765 1499 qam
778 1426 881 1482 auditis
896 1433 926 1483 ct·
970 1427 1043 1498 justi
1062 1426 1122 1482 sive
1136 1425 1238 1497 injusti
1251 1425 1429 1493 moriuntur,
1441 1425 1482 1480 ita
1491 1429 1520 1481 et
1529 1423 1560 1480 in
1571 1423 1692 1481 Christo
1703 1441 1795 1483 omnes

94 1535 150 1575 oon
163 1517 313 1574 cuderunt
324 1515 425 1585 (aaut.
437 1532 499 1582 xur,
512 1514 567 1587 17),
580 1515 615 1570 de
625 1532 683 1586 qua
700 1519 726 1570 et
744 1513 918 1572 Psalnrista:
974 1519 1033 1571 tam
1048 1516 1198 1571 credentes
1209 1531 1296 1587 quam
1308 1514 1473 1570 diffidentes
1485 1518 1656 1587 resurgant,
1666 1513 1796 1587 licetqui

93 1608 262 1680 Defecerant
279 1603 384 1678 iuquit,
401 1605 474 1660 occdi
488 1605 543 1659 inci
566 1606 595 1659 io
617 1605 756 1677 eloquium
770 1612 858 1669 taam,
874 1604 920 1659 di·
974 1605 1041 1659 dam
1053 1604 1088 1659 ad
1102 1620 1231 1677 poenam:
1241 1601 1382 1659 increduli
1393 1607 1491 1659 tamen
1501 1601 1646 1659 vivitlceri
1655 1600 1795 1673 videutur,

93 1704 181 1754 centes
210 1694 319 1769 quondo
346 1693 528 1749 consolaberis
552 1695 616 1748 mc?
636 1693 721 1762 (Paul.
743 1709 839 1759 cxvm,
861 1694 917 1761 82).
973 1694 1043 1765 quia
1057 1709 1179 1765 corpora
1194 1709 1249 1749 sue
1264 1691 1484 1763 recipient‚Jam
1507 1707 1566 1747 non
1587 1690 1795 1759 morituri,set

93 1784 193 1842 Sancti
212 1783 398 1857 quiescentes
427 1781 457 1837 in
487 1781 823 1850 internodesidaverint,
840 1782 918 1855 quod
973 1781 1088 1853 passuri
1099 1797 1215 1853 poenam
1229 1779 1260 1836 iu
1275 1781 1318 1837 eis
1329 1781 1469 1849 sineflne,
1481 1779 1559 1852 quod
1571 1779 1693 1837 credere
1704 1778 1795 1837 noluo·

92 1874 155 1930 he'c
170 1872 365 1930 descendente
380 1871 409 1925 in
426 1869 540 1925 interna
556 1869 687 1937 Domino,
703 1871 791 1926 etiam
807 1870 853 1927 his
868 1871 917 1944 qui
972 1876 1069 1925 runt«
1082 1871 1118 1925 Et
1132 1869 1236 1925 heatus
1249 1869 1378 1925 loannes
1392 1867 1622 1942 chrysostomus
1635 1868 1667 1924 in
1678 1867 1753 1925 libro
1766 1869 1795 1926 do

93 1961 123 2018 in
139 1977 254 2017 carcerc
269 1963 402 2024 orantei
426 1957 567 2014 increduli
593 1959 742 2031 quondam
758 1960 874 2016 inerant
888 1959 919 2015 in
973 1958 1165 2030 Reparatione
1175 1957 1289 2039 lapsizu
1306 1959 1465 2031 Scriptura,
1477 1957 1586 2031 inquit,
1600 1957 1676 2015 dicit
1690 1957 1796 2032 quiaet

95 2047 201 2103 diebus
212 2046 283 2114 Noe,
295 2043 456 2101 consolatio
466 2045 508 2100 vel
519 2043 682 2101 exhortatio
695 2045 852 2118 predicata
862 2046 922 2102 lue·
972 2051 1138 2120 peccatores
1153 2045 1278 2103 induent
1290 2045 1549 2120 incorruptionem,
1562 2046 1679 2105 scilicet
1692 2064 1752 2104 non
1764 2047 1795 2107 nd

94 2133 142 2191 rit.
154 2135 219 2190 Hec
233 2132 282 2190 ille
296 2132 412 2189 dtxerit.
423 2133 478 2190 Sed
492 2133 635 2190 catholica
648 2134 721 2191 fides
736 2134 833 2203 hahet,
850 2136 920 2209 quia
971 2137 1112 2193 honorem
1125 2136 1201 2204 vitre,
1216 2135 1266 2192 sod
1283 2137 1319 2192 ad
1336 2136 1559 2192 diuturnitatem
1576 2135 1720 2210 supplicii
1735 2153 1795 2210 pro·

93 2221 275 2280 descendens
285 2221 322 2277 nd
334 2220 448 2278 interna
458 2221 611 2291 Dominus,
623 2238 680 2278 nou
697 2222 863 2280 incredulos
874 2224 917 2279 in·
972 2225 1128 2281 futuram·
1137 2226 1173 2280 Et
1183 2229 1302 2282 sanctus
1313 2223 1442 2282 Hilarius
1452 2225 1481 2281 in
1492 2224 1678 2298 expositione
1692 2223 1794 2300 psalmi

94 2310 198 2377 de,sed
211 2309 311 2367 fideles
321 2308 506 2367 solummodo
517 2327 587 2367 suos
598 2312 779 2378 educens,ad
790 2311 919 2368 cmlestia
971 2330 1057 2370 cxvur
1074 2313 1153 2387 (vers.
1170 2316 1215 2383 22)
1228 2331 1234 2370 :
1247 2337 1261 2364 «
1277 2314 1438 2387 Exprobrat
1459 2313 1538 2371 enim
1558 2313 1700 2387 superbis
1713 2318 1796 2388 atque

94 2416 184 2473 regua
199 2416 299 2455 secum
315 2398 481 2472 perduxerit
493 2415 499 2456 :
513 2415 607 2472 neque
616 2399 711 2457 exutis
721 2417 840 2472 corpore
852 2401 917 2457 ani·
972 2403 1137 2459 maledictis
1149 2421 1202 2459 cur
1211 2403 1284 2460 nihil
1299 2403 1329 2458 in
1341 2407 1523 2459 sacramento
1534 2402 1693 2476 sanguinis
1705 2404 1752 2460 ani
1761 2407 1798 2460 at·

94 2488 249 2556 mabus,et
262 2487 422 2543 interorum
434 2504 549 2544 carcere
560 2488 702 2545 scelerum
721 2488 852 2558 inclusis,
866 2491 916 2546 sed
971 2510 1028 2566 que
1044 2493 1147 2549 mortis
1163 2492 1298 2548 utilitatis
1317 2510 1377 2548 suae
1397 2508 1462 2548 esse
1475 2489 1721 2560 existimaverint,
1732 2508 1795 2550 cum

1 2613 2 2619 ι
94 2576 124 2633 in
137 2577 192 2633 hnc
201 2575 260 2632 vita
269 2575 313 2633 vel
324 2593 375 2649 per
384 2575 576 2649 seipsum,vel
589 2594 641 2650 pcr
650 2594 771 2633 suornm
785 2577 919 2652 exempla
971 2579 1019 2636 ille
1035 2581 1125 2636 nostri
1145 2596 1235 2636 causa
1259 2583 1288 2636 et
1310 2584 1408 2648 nutus,
1423 2584 1453 2636 et
1476 2596 1593 2651 passus,
1610 2583 1642 2636 et
1664 2584 1797 2638 mortuus

94 2667 158 2725 sine
167 2666 255 2723 verba
265 2666 617 2739 fidelium,quotidievias
629 2667 694 2723 vite
708 2667 917 2724 demonstretn
971 2668 1021 2724 sit.
1035 2691 1049 2718 »
1065 2669 1142 2726 22⁰
1156 2670 1191 2725 ut
1206 2668 1275 2724 item
1292 2668 1368 2725 idem
1394 2672 1515 2724 sanctus
1539 2667 1670 2725 Hilarius
1684 2684 1798 2727 concor

94 2755 410 2828 Quaproptcrdiximus
421 2771 445 2811 :«
456 2755 509 2811 Pro
520 2755 658 2811 omnihus
667 2755 799 2811 Christus
812 2773 918 2829 passus
954 2754 1046 2814 ‘dans
1060 2763 1161 2814 saneto
1176 2758 1330 2815 Ambrosio
1342 2757 1370 2813 in
1387 2755 1501 2830 psalmo
1511 2773 1546 2813 av
1558 2757 1641 2830 (vers.
1651 2756 1692 2830 8),
1703 2756 1775 2815 dicit
1787 2774 1796 2815 ι

94 2846 159 2914 luit,
172 2844 242 2902 licet
255 2862 313 2901 non
329 2861 431 2900 omnes
444 2844 592 2916 passionis
608 2845 673 2916 ejus
688 2843 825 2917 mysterio
842 2845 916 2901 redi·
971 2869 986 2897 a
1001 2846 1079 2902 Sicut
1099 2854 1330 2918 exspemverant,
1356 2844 1463 2919 inquit,
1486 2847 1612 2903 eniomm
1635 2862 1739 2914 mecm,
1749 2862 1798 2922 pro

95 2937 262 3002 mantur,et
271 2933 406 3007 quianon
417 2949 520 2989 omncs
531 2932 792 3001 redimuntur,non
804 2934 840 2988 ad
853 2950 916 3007 pre·
970 2935 1060 2992 nitito
1074 2935 1163 2991 salvos
1184 2937 1269 3008 socies
1283 2936 1356 3003 illes,
1373 2936 1402 2991 in
1418 2937 1463 2991 irc
1479 2935 1593 3008 poplites
1605 2933 1733 2993 deduces.
1747 2935 1799 2992 Ho-

94 3022 126 3080 tii
143 3021 388 3097 magnitudinem,
405 3020 455 3079 sed
472 3022 508 3077 ad
528 3038 586 3077 non
603 3021 784 3078 credentium
800 3022 917 3095 respicit
970 3041 1025 3081 vus
1040 3023 1087 3080 hic
1102 3024 1248 3097 prophete
1263 3041 1359 3081 sermo
1378 3027 1432 3092 est,
1444 3026 1476 3079 ut
1491 3040 1542 3080 eos
1556 3023 1608 3096 qui
1626 3028 1798 3098 exspectant

94 3111 276 3184 partemullt
286 3110 425 3183 quoniam
435 3109 465 3164 in
475 3109 551 3166 m
562 3127 700 3183 processu
712 3111 864 3166 reddendis
875 3128 918 3166 ra·
972 3113 1101 3168 animam
1113 3129 1198 3168 suam
1209 3113 1245 3168 ad
1258 3111 1382 3168 nihilum
1393 3113 1470 3168 Deus
1481 3111 1583 3168 salvet.
1592 3113 1629 3168 nt
1639 3129 1711 3170 cum
1720 3112 1797 3171 allud

93 3199 183 3255 tionis
193 3199 229 3254 de
242 3197 298 3254 isto
309 3196 437 3270 capitulo
448 3214 483 3254 ex
497 3197 708 3254 catholicorum
722 3199 808 3255 dictis
823 3204 917 3256 osten·
931 3186 954 3253 C
970 3202 1009 3258 sit
1024 3202 1061 3257 ad
1077 3201 1212 3270 nihilum,
1225 3202 1304 3259 aliud
1316 3201 1432 3273 salvari,
1444 3217 1522 3258 nuno
1532 3200 1616 3260 salus
1625 3219 1694 3276 quae
1708 3202 1797 3261 ineos

94 3288 163 3344 dere
173 3285 492 3359 procurabimus,quod
503 3285 645 3343 catholice
654 3286 839 3360 scripsimus,
853 3290 920 3361 quie
972 3290 1021 3346 fiet
1036 3290 1067 3345 in
1082 3290 1208 3347 nihilum
1224 3291 1272 3347 sit.
1287 3292 1338 3347 list
1352 3307 1420 3364 ergo
1436 3291 1514 3364 quod
1531 3290 1662 3348 salvetur
1675 3291 1707 3348 in
1722 3291 1798 3349 nihi·

94 3375 218 3432 Christus
230 3390 279 3446 pro
288 3374 414 3430 omnihus
421 3391 519 3447 pessus
534 3376 598 3446 suit,
609 3376 735 3432 ticetnon
748 3392 840 3432 omrres
853 3392 918 3448 pos·
971 3376 1045 3446 lum,
1057 3382 1101 3434 est
1111 3378 1207 3451 plane,
1220 3378 1363 3452 quidquid
1377 3380 1591 3437 resurrectione
1600 3381 1800 3441 mucessade·

93 3466 181 3522 sionis
203 3465 262 3536 ejus
279 3465 408 3535 mysterio
427 3464 606 3520 redimentur.
619 3464 736 3520 Scilicet
750 3470 778 3520 et
793 3481 844 3536 pro
860 3464 916 3531 his,
972 3466 1134 3523 mutatione
1146 3484 1202 3523 non
1214 3467 1336 3541 dignum
1349 3472 1403 3523 est.
1413 3468 1486 3523 Nam
1497 3468 1800 3527 cumomnisearore·

94 3553 145 3627 qui
159 3557 227 3610 ante
240 3554 396 3608 adventum
408 3552 499 3608 llllius
509 3552 693 3620 exstiterunt,
705 3553 756 3609 scd
772 3558 800 3609 et
809 3571 861 3626 pro
872 3552 917 3609 his
972 3555 1089 3628 dempto
1104 3555 1134 3610 in
1149 3556 1265 3611 Christo
1280 3556 1319 3610 sit
1339 3560 1371 3610 ut
1389 3560 1532 3629 resurgat,
1545 3560 1574 3612 et
1589 3573 1710 3615 omnem
1724 3558 1796 3616 assi·

93 3660 169 3717 quos
183 3642 281 3716 passio
296 3641 376 3700 illius
392 3642 421 3698 in
437 3658 524 3698 carne
539 3641 658 3698 invenit.
972 3649 1047 3702 aiere
1058 3651 1124 3701 ante
1137 3645 1265 3702 tribunal
1276 3647 1340 3718 ejus
1356 3663 1476 3702 necessa
1491 3645 1540 3717 sit,
1552 3664 1612 3703 non
1622 3651 1797 3707 temanum·

379 3766 495 3823 CAPUT
514 3767 637 3824 XXVIII·
972 3733 1060 3791 nibus
1083 3733 1177 3807 gloria
1191 3738 1220 3789 et
1235 3733 1329 3791 honor
1342 3739 1387 3791 est
1401 3734 1590 3807 promiscuus
1614 3735 1797 3810 resurgendi.

94 3856 208 3918 Qualiter
222 3855 253 3904 de
268 3855 354 3919 impiis
368 3855 393 3905 in
413 3869 460 3904 aaa
481 3854 612 3920 impietate
633 3856 763 3920 deferretis
784 3858 919 3906 senserant
971 3822 1084 3924 Qujbus
1099 3838 1168 3922 Ψ
1182 3826 1298 3923 tantum,
1320 3823 1504 3924 ¹⁰³⁰¹¹⁰⁰¹¹⁰z
1514 3824 1679 3925 ¹¹⁰n,⁶,¹¹¹¹m
1695 3825 1798 3926 Qu*

124 3925 367 3991 cottotetprolo
387 3927 465 3975 etiam
484 3941 589 3991 possam
603 3928 684 3990 sutem
707 3926 845 3977 Dominam
860 3926 918 3978 lieet
971 3914 1041 3966 ¹⁸¹¹⁰
1064 3915 1109 3967 ⁰⁸¹
1132 3911 1251 3978 ¹¹¹¹³¹¹¹¹¹r
1270 3911 1299 3967 ¹¹¹
1324 3911 1474 3968 ⁸¹¹¹¹¹¹¹¹¹¹¹¹¹
1497 3929 1527 3967 ¹¹¹
1551 3914 1691 3970 ¹¹¹¹¹¹¹¹¹¹¹¹·
1709 3915 1797 3971 ¹¹¹¹¹¹

124 4011 176 4047 non
190 3996 247 4061 ejas
259 3995 387 4061 passionis
396 3997 518 4061 mysterio
531 3995 567 4044 ad
579 3997 688 4048 satutem
700 3999 850 4063 perpetuom
864 3999 918 4047 ont
971 3999 1049 4055 enim
1061 3999 1243 4056 deducentur
1252 3999 1282 4056 ui
1293 4000 1393 4073 populi
1405 4001 1513 4073 quibus
1523 4001 1560 4057 nd
1571 4018 1664 4074 pmnee
1675 4018 1795 4060 sensum

123 4067 260 4134 ¹⁶d²m¹²¹¹
922 4102 924 4107 ’
971 4087 1053 4145 salas
1068 4088 1290 4144 resurrectionis
1313 4092 1358 4144 est
1380 4088 1540 4145 constituta
1564 4091 1664 4164 Aqua
1682 4089 1727 4146 ira
1739 4090 1796 4148 eri·

128 4178 236 4236 Verum
252 4181 280 4234 et
294 4194 346 4251 pro
362 4176 407 4234 his
423 4177 473 4250 qui
489 4180 555 4250 post
566 4177 733 4249 passionem
749 4181 778 4232 et
792 4193 918 4233 resurre-
971 4177 1093 4251 piendos
1108 4194 1161 4232 nos
1175 4177 1333 4249 Apostolus
1347 4176 1501 4250 pollicetur
1515 4178 1639 4234 dicens:
1656 4181 1796 4254 Quoniam

93 4267 219 4325 ctionem
235 4267 377 4341 ipsius‚et
397 4265 539 4333 exorti,ct
553 4264 679 4321 exorturi
695 4270 871 4337 suntusque
886 4264 916 4320 in
969 4268 995 4322 si
1009 4283 1072 4322 cum
1085 4265 1174 4322 adhuc
1187 4273 1338 4338 peccatores
1353 4281 1482 4334 essenus,
1498 4265 1622 4323 tiaratae
1644 4283 1698 4341 pro
1719 4267 1796 4325 notia

92 4357 181 4414 linem
196 4356 304 4422 seculi,
319 4361 351 4412 ut
361 4357 598 4411 demonstremus
613 4371 670 4409 uon
685 4352 788 4410 timere
805 4371 857 4409 nos
872 4370 918 4409 ca·
969 4361 1094 4410 mortuae
1108 4361 1157 4421 eat,
1171 4355 1257 4411 multo
1277 4355 1364 4428 inopis
1384 4355 1530 4427 justificati
1544 4358 1574 4411 in
1588 4358 1726 4429 wanninc
1738 4358 1796 4431 ejas

92 4445 222 4501 lumnias
233 4446 318 4503 istius
327 4443 530 4501 obtrectatoris
541 4441 762 4517 nostri,quidde
773 4442 915 4515 reprobis.
970 4443 1140 4500 intuebimur
1158 4460 1208 4516 per
1221 4460 1284 4499 cvm
1302 4443 1336 4499 ab
1354 4445 1407 4499 irc.
1425 4445 1512 4512 (ilem.
1527 4461 1555 4512 v,
1571 4444 1610 4516 8).
1627 4444 1684 4503 Pro
1696 4461 1796 4520 pence-

94 4550 168 4605 ques
184 4534 212 4588 in
229 4550 281 4589 suo
297 4537 401 4605 quarto
416 4531 545 4607 capitulo
560 4532 596 4587 ad
612 4532 801 4588 revincendos
817 4547 870 4587 nos
886 4531 915 4586 in
931 4551 954 4617 p
970 4532 1083 4588 toribus
1098 4531 1189 4605 igitur
1212 4533 1248 4587 ad
1268 4531 1394 4588 salutem
1410 4532 1634 4590 resurrectionis
1653 4539 1702 4590 est
1719 4550 1795 4592 mor·

95 4619 224 4676 medium
240 4620 398 4688 devocavit,
412 4623 567 4677 senserunt
582 4624 610 4676 et
624 4619 806 4693 scripserunt
821 4619 916 4676 catho·
971 4625 1052 4687 tuus,
1068 4620 1118 4676 sed
1135 4619 1332 4676 sanctificatos
1347 4619 1376 4675 in
1393 4621 1535 4694 sanguine
1551 4638 1606 4678 suo
1620 4621 1748 4680 salvabit
1759 4621 1795 4679 ah

94 4706 153 4774 lici,
164 4710 263 4763 utrum
275 4707 416 4778 quiddam
427 4707 469 4763 eis
479 4708 577 4780 passio
587 4714 615 4764 et
626 4708 797 4764 resurrectio
808 4707 916 4765 Christi
970 4709 1042 4765 ira.»
1054 4709 1088 4764 ltt
1103 4708 1173 4764 item
1189 4711 1309 4765 sanctus
1323 4709 1496 4767 Ambrosius
1510 4709 1540 4765 in
1551 4709 1685 4783 Epistola
1698 4711 1735 4768 ad
1748 4710 1798 4768 Co·

94 4793 260 4863 contulerit,
277 4795 331 4850 etsi
355 4794 428 4850 nihil
449 4794 518 4864 illis,
534 4813 635 4852 eorum
655 4797 839 4869 exigentibus
854 4795 915 4852 cul·
970 4796 1095 4852 riuthies
1112 4813 1118 4852 :
1133 4818 1147 4846 (ι
1163 4796 1237 4862 Quid
1252 4799 1408 4852 astantem
1434 4813 1499 4853 reos
1520 4813 1595 4867 esse,
1612 4796 1672 4855 nisi
1696 4813 1798 4872 pernas

95 4884 151 4959 pis,
167 4883 203 4940 ad
228 4881 354 4940 salutem
378 4883 529 4955 profuerit,
555 4884 756 4939 ostendamus.
773 4884 916 4950 Quoniam
970 4886 1040 4941 dare
1053 4884 1156 4940 mertis
1171 4884 1436 4940 Domini‘lOccisus
1456 4888 1501 4941 est
1519 4885 1598 4941 enim
1614 4902 1668 4957 pro
1683 4885 1731 4943 his
1745 4885 1798 4960 qut

94 4976 207 5030 certum
223 4975 277 5037 est,
288 4969 313 5026 si
328 4968 439 5042 aliquid
455 4970 497 5026 eis
521 4971 618 5043 passio
644 4970 759 5027 Domini
782 4971 915 5039 contulit,
971 4972 1145 5028 heneficium
1156 4973 1220 5043 ejus
1232 4972 1261 5027 in
1272 4971 1389 5027 irritum
1402 4972 1664 5029 ducunt.»lltitem
1676 4977 1798 5032 metus

94 5080 146 5137 pro
157 5060 199 5118 eis
207 5060 296 5118 etiam
305 5059 447 5115 Dominus
456 5075 562 5130 passus
572 5059 636 5125 init,
644 5060 729 5130 cujus
740 5060 837 5131 passio
848 5075 918 5131 quo·
971 5059 1099 5116 Hilarius
1122 5061 1151 5115 iu
1171 5059 1246 5116 lihro
1262 5077 1292 5114 ιιι
1308 5060 1343 5116 de
1359 5059 1428 5115 Fide
1453 5061 1511 5133 (tit.
1532 5078 1564 5117 ιιι
1583 5060 1617 5117 de
1633 5063 1796 5131 Trinitatelz

95 5153 175 5209 niam
191 5152 226 5207 nd
242 5150 368 5207 salutem
384 5147 443 5204 illis
464 5165 520 5204 non
547 5147 665 5220 proluit,
681 5149 718 5204 ad
742 5147 916 5216 infidelium,
972 5172 985 5199 «
1000 5149 1050 5204 Dei
1067 5148 1156 5205 Filius
1172 5148 1362 5221 crucifigitur,
1373 5148 1465 5205 sedin
1476 5166 1563 5206 eruce
1576 5148 1708 5208 hominis
1722 5167 1799 5208 mer

95 5241 171 5298 sicut
185 5244 304 5297 sanctus
320 5238 442 5310 Prosper
460 5236 541 5305 dicit,
558 5240 587 5293 et
601 5254 655 5293 nos
669 5254 704 5292 ex
717 5237 813 5293 verbis
838 5237 917 5294 illius
971 5242 1031 5294 tem
1048 5239 1122 5293 Deus
1145 5237 1245 5293 vincit.
1258 5236 1392 5294 Christus
1408 5237 1458 5293 Dei
1478 5237 1569 5295 Filius
1592 5238 1731 5306 moritur,
1746 5238 1798 5296 sed

96 5328 279 5402 scripsimus,
292 5327 540 5401 respicitpartcm,
553 5343 610 5381 nen
626 5327 661 5381 ud
676 5327 849 5382 sacramenti
864 5326 918 5381 vir·
972 5327 1068 5381 omnis
1083 5343 1150 5381 caro
1164 5326 1335 5381 vivificatur.
1349 5347 1363 5375 ι
1376 5327 1410 5381 Ε)
1428 5331 1549 5382 sanctus
1567 5327 1754 5401 Augustinus
1768 5328 1798 5384 in

96 5420 199 5472 tutem.
215 5419 298 5474 Dicat
312 5423 410 5474 autem
430 5414 537 5472 Paulus
557 5420 585 5471 et
607 5420 732 5486 exponat
745 5415 917 5471 Ambrosius
971 5414 1045 5472 libro
1060 5433 1096 5470 xx
1112 5414 1278 5471 decivitate
1293 5414 1354 5482 Dei,
1365 5415 1494 5488 capitulo
1504 5418 1521 5471 6
1533 5417 1569 5472 ad
1583 5414 1685 5472 locum
1697 5432 1725 5472 :a
1740 5416 1800 5474 Nec

97 5503 168 5574 quid
183 5506 281 5574 passio
295 5505 402 5563 Christi
416 5505 530 5562 cunetis
548 5502 723 5578 generaliter
739 5502 875 5558 fidelibus
889 5507 918 5559 et
971 5505 1040 5561 tecit
1054 5503 1102 5560 hic
1118 5503 1208 5559 ullam
1223 5503 1416 5559 differentiam
1434 5504 1578 5560 bonorum
1593 5503 1797 5562 etmalorum.

97 5589 265 5649 infidelibus
279 5594 412 5663 contulit,
424 5611 487 5668 que
503 5593 573 5653 solis
589 5593 624 5649 ad
640 5591 765 5649 salutem
781 5590 916 5649 fidelibus
971 5593 1114 5650 Omnibus
1128 5591 1206 5648 enim
1221 5591 1331 5647 bonum
1347 5595 1392 5648 est
1405 5591 1614 5649 audircvocem
1629 5593 1707 5666 ejus,
1718 5596 1749 5650 et
1756 5590 1797 5649 vi·
