3810 6098
96 256 155 318 936
486 246 678 311 urceolam
699 245 823 307 abab.
847 244 1027 306 archiep.
1050 243 1255 305 bruscum
1278 242 1410 305 vaula.
1740 243 1805 307 em

96 385 226 444 animam
241 382 387 439 nolemem
402 379 485 454 pellit
498 382 534 438 de
549 395 679 453 corpore,
693 379 824 436 secunda
838 394 919 434 mors
933 373 962 443 A,
975 380 1046 449 (cap.
1061 375 1127 448 28)ι
1144 399 1158 427 «
1173 376 1279 433 Lutcas
1293 375 1401 448 quippe
1415 375 1518 432 domas
1533 374 1716 444 habitamus,
1729 377 1806 451 qula

95 475 225 534 animam
255 471 401 528 nolentem
429 475 509 528 tenet
537 471 566 526 iu
589 486 719 543 corpore.
734 469 777 523 ab
794 472 918 540 utraque
971 464 1804 538 iucorporibuetertsnissubsistimustiosbenel’aulas

95 567 189 620 marte
217 559 413 618 communiter
433 558 464 615 id
486 558 621 627 habetur,
637 563 672 614 ut
690 557 767 630 quod
784 573 841 612 non
857 555 919 610 vult
972 555 1173 622 considerans,
1184 555 1244 611 ait:
1261 555 1395 611 Habesos
1409 557 1569 611 macarem
1583 558 1667 612 amm
1682 558 1713 612 aa
1725 559 1804 612 coris

95 651 204 724 anima,
216 652 315 711 desua
332 666 452 721 corpore
469 647 606 723 patiatur.
620 671 634 698 a
651 647 731 703 Idem
745 645 808 718 ipse
824 646 853 700 in
869 661 917 699 eo·
971 645 1102 716 fictilibus
1117 648 1158 712 (11
1172 643 1232 700 Cor.
1247 645 1353 716 1v,7).»
1369 645 1405 699 ut
1416 649 1481 716 post
1496 660 1555 701 non
1569 645 1664 700 multa
1679 645 1801 717 libret:

96 741 172 799 dem.
187 764 200 792 a
214 740 270 797 iste
285 737 492 804 ulimmerius,
509 754 566 810 quo
581 736 753 809 corporibus
769 733 918 789 adhereat
972 757 985 782 «
999 733 1090 790 Tinea
1105 737 1203 789 summ
1219 733 1255 789 de
1268 737 1347 789 vaste
1362 733 1801 801 naseitur,etcamdomvastem

94 831 218 906 spiritus
233 835 261 886 et
276 828 414 885 animalia
433 829 519 898 fiunt,
534 825 654 883 omnino
675 824 769 880 mirus
791 827 847 890 cst,
864 835 917 877 nce
972 822 1007 878 de
1020 838 1079 895 qua
1091 822 1195 888 oritur,
1209 822 1329 879 oriendo
1344 822 1515 894 corrumpit.
1529 822 1619 888 Quasi
1634 839 1703 879 vcro
1717 838 1801 896 qaae·

94 917 303 993 comprehendi
317 918 354 974 ab
375 916 493 973 homino
518 919 625 988 potest,
640 918 669 969 ct
683 913 737 969 boc
752 911 816 985 ipse
829 910 916 967 homo
971 912 1038 967 dam
1049 911 1139 968 vestis
1154 911 1258 968 animo
1273 927 1340 967 caro
1353 911 1468 968 estscd
1483 911 1544 966 brec
1557 912 1700 968 nimirum
1707 912 1802 969 vestis

94 1014 149 1066 ost.
162 1007 296 1082 »ipsein
312 1006 386 1063 libro
400 1005 542 1078 vigesimo
556 1003 686 1060 sacuam
700 1006 773 1074 (carp.
786 1003 815 1070 6)
830 1017 838 1056 :
855 1023 869 1050 a
885 1000 915 1056 hi
971 999 1059 1056 babet
1072 1000 1181 1056 tineam
1198 1017 1294 1070 sunm,
1309 999 1379 1073 quia
1392 1000 1430 1056 ab
1443 1000 1508 1075 ipsa
1522 1001 1651 1058 cornuis
1672 1002 1800 1058 tarutio

94 1097 171 1154 enim
188 1096 291 1153 anima
306 1093 511 1151 mourmmodo
525 1106 669 1163 essemus,
678 1091 708 1147 id
722 1094 767 1146 ast
778 1090 842 1146 sine
856 1088 916 1146 ullo
970 1089 1072 1157 oritur,
1083 1106 1118 1144 cx
1133 1107 1192 1163 qua
1205 1088 1359 1145 laceratur.
1373 1111 1386 1139 a
1402 1089 1595 1146 Cassiodorus
1609 1106 1739 1164 quoqne,
1755 1092 1801 1148 vir

94 1202 214 1260 corpore
233 1185 365 1258 spiritus,
378 1187 406 1239 st
416 1182 445 1238 ia
456 1181 527 1239 roelo
543 1181 708 1237 habitantes
723 1184 838 1236 teneas
853 1177 916 1233 aui·
970 1179 1104 1234 acerrimi
1130 1177 1239 1249 ingenii
1264 1183 1302 1234 et·
1322 1177 1450 1250 insignis
1475 1178 1661 1247 eruditionis,
1676 1180 1706 1235 ia
1722 1180 1799 1237 libro

94 1273 379 1337 maliaoesciremus,
391 1271 535 1345 nobisque
545 1272 676 1327 laturum
686 1280 750 1326 esso
760 1267 915 1335 diceretur,
970 1283 1058 1339 quem
1073 1267 1110 1323 de
1124 1268 1230 1324 Anima
1243 1267 1427 1340 conscripsit,
1443 1269 1601 1341 magistros
1616 1273 1727 1324 sanctas
1742 1270 1799 1325 iic-

95 1361 451 1435 uttorreniscorporibus
474 1359 640 1415 animandis
658 1359 785 1432 quodam
800 1354 915 1412 viuculo
970 1355 1064 1412 closis
1087 1356 1116 1412 in
1141 1357 1196 1414 bae
1221 1370 1262 1425 ra,
1279 1357 1442 1414 sicntctin
1459 1357 1534 1423 aliis,
1550 1374 1582 1413 sc
1598 1357 1798 1432 aequiosten-

93 1451 222 1510 mirabili
233 1455 427 1517 necteremur,
437 1465 534 1505 notrae
544 1448 635 1504 multo
647 1448 917 1518 lortiusarguman·
970 1444 1023 1512 dit,
1038 1462 1107 1502 oum
1122 1446 1192 1502 dicit
1206 1450 1273 1518 post
1286 1446 1344 1502 alia
1359 1447 1464 1518 (capti)
1480 1463 1487 1502 :
1502 1469 1515 1496 a
1533 1445 1642 1528 Mirum
1658 1451 1799 1519 pretam

93 1546 225 1598 tarcmur
239 1539 268 1595 id
290 1538 407 1595 credere
431 1540 596 1603 renuentes,
613 1541 642 1592 et
656 1535 819 1592 diceremus
834 1538 916 1589 natu·
930 1562 955 1628 B
969 1534 1093 1602 videtur,
1112 1552 1175 1592 rem
1200 1537 1412 1609 incorpoream,
1437 1536 1579 1592 membris
1607 1532 1799 1593 solidissimis

94 1644 157 1687 ram
170 1644 228 1683 noa
238 1625 309 1700 pati,
322 1630 354 1683 ut
364 1642 409 1682 res
420 1624 591 1698 incorporea
604 1623 763 1697 ligamento
778 1636 917 1694 corporee
970 1623 1148 1697 colligatam,
1164 1625 1249 1682 etsie
1264 1625 1406 1681 distantes
1434 1629 1556 1682 naturas
1570 1624 1602 1680 in
1617 1638 1711 1681 annm
1724 1640 1798 1681 oon·

93 1715 274 1773 vinciretur?
288 1715 323 1772 er
341 1718 440 1771 tamen
464 1712 550 1787 plena
565 1717 610 1769 est
625 1718 701 1769 terra
716 1710 917 1785 vegetantibus
969 1713 1145 1770 venientium
1160 1713 1251 1770 luisse
1265 1713 1459 1783 adductas,ut
1472 1728 1526 1769 neo
1540 1712 1642 1769 aalma
1655 1728 1688 1770 aa
1703 1713 1799 1787 possit

94 1801 817 1874 animisheamembratcrrenamirosibiquodam
829 1801 915 1858 modo
971 1816 1124 1877 segregare
1138 1818 1205 1859 cum
1226 1801 1305 1870 velit,
1321 1819 1375 1858 nec
1396 1802 1520 1859 relinere
1542 1817 1611 1859 cum
1627 1802 1797 1874 jacomacm

93 1911 223 1951 connexa
237 1897 266 1949 et
279 1891 460 1965 implicitas
478 1890 557 1948 idem
582 1891 645 1964 ipse
668 1889 698 1946 in
724 1890 826 1945 eodem
841 1888 916 1945 libro
970 1892 1114 1948 Creatoris
1138 1891 1297 1964 agnoverit.
1314 1891 1419 1948 Clausa
1432 1889 1475 1946 illi
1489 1893 1560 1948 sunt
1574 1892 1716 1948 universa
1730 1906 1796 1948 eum

93 1987 163 2056 (cap.
182 1978 248 2055 lli:
274 2003 288 2032 a
303 1981 335 2038 ln
359 1986 473 2041 terreno
494 1996 563 2054 ergo
587 1979 658 2051 quid
683 1979 751 2034 tacit
774 1975 917 2050 corporei
970 1979 1285 2053 precipiturinsidcro‚
1301 1985 1401 2052 operta
1414 1996 1532 2053 quoque
1545 1981 1717 2036 redduaitur
1729 1990 1795 2037 cam

93 2072 270 2129 subauditur
284 2071 394 2138 anima,
410 2070 439 2125 in
454 2069 509 2126 bac
524 2069 601 2125 mole
619 2067 690 2140 quid
704 2066 765 2141 agit
780 2067 917 2123 subtilior
966 2071 1089 2143 jubetur
1102 2071 1188 2126 crire.
1205 2071 1279 2126 Nam
1299 2071 1322 2126 si
1344 2071 1466 2126 acerbus
1494 2069 1578 2126 dolor
1604 2069 1740 2127 valamir
1752 2070 1794 2126 ia-

93 2159 346 2218 omnibus‘linhoc
357 2158 563 2232 ponderequid
578 2157 640 2231 agit
653 2157 743 2214 levior
756 2153 917 2212 ainaihus‘t
970 2160 1098 2233 lligatur,
1114 2160 1177 2215 sine
1192 2159 1319 2216 auctoris
1334 2159 1456 2232 imperio
1471 2176 1530 2215 non
1545 2159 1706 2227 amittitur,
1722 2158 1794 2215 siem

93 2249 124 2307 iu
138 2249 193 2306 hac
208 2248 344 2306 tarditate
362 2248 435 2320 quid
450 2246 511 2321 agit
524 2245 644 2303 celerior
656 2245 820 2302 omuibus?
835 2245 916 2301 ltana
970 2265 1023 2304 nec
1041 2247 1104 2305 sine
1119 2248 1215 2321 ipsius
1229 2264 1350 2305 munere
1364 2248 1539 2305 custoditur.
1555 2249 1632 2304 ilinc
1657 2253 1705 2305 cst
1719 2247 1792 2322 quot

93 2355 146 2413 per
157 2339 248 2411 hujus
263 2341 323 2393 tam
338 2335 504 2394 excellentis
519 2340 630 2391 notare
645 2334 784 2391 meritum
800 2351 857 2391 non
868 2350 916 2406 po·
970 2339 1137 2410 frequenter
1150 2338 1276 2411 graviter
1289 2338 1456 2395 vulneratos
1470 2337 1604 2394 videmus
1618 2339 1754 2409 evadere,
1767 2342 1792 2394 et

92 2427 160 2486 terit
169 2427 245 2484 eliici
256 2430 289 2482 ut
301 2442 409 2500 corpus
424 2425 488 2497 ejus
504 2421 658 2480 lavaturis
672 2423 915 2480 colamieteum
969 2442 1073 2484 rursus
1092 2426 1204 2484 levibus
1231 2426 1434 2483 occasionibus
1456 2427 1586 2483 interire.
1605 2447 1616 2478 ι
1636 2428 1711 2484 hece
1725 2432 1791 2500 quot

91 2516 187 2575 valcat
196 2531 275 2573 aune
286 2518 392 2571 natura
400 2529 556 2586 corporum
566 2517 747 2570 terrenorum
754 2511 916 2584 deprimere
969 2521 998 2572 et
1008 2516 1147 2589 qualibus
1162 2534 1220 2573 uon
1235 2517 1428 2590 argumentis,
1439 2517 1489 2573 aad
1501 2516 1692 2582 documentis
1701 2522 1791 2574 ostes·

93 2601 526 2675 auimaadeorsum,aliquando
536 2604 565 2658 et
575 2601 679 2658 anima
690 2600 785 2657 levare
796 2617 915 2656 sursum
970 2605 1050 2663 ditur
1064 2605 1149 2663 nobis
1162 2605 1279 2662 animas
1293 2606 1465 2680 corporibus
1475 2606 1518 2664 vel
1533 2606 1668 2673 indutas,
1678 2607 1725 2664 vel
1740 2606 1790 2664 cal-

92 2699 209 2751 tcrrcna
218 2709 340 2765 corpora
349 2708 407 2748 non
419 2689 598 2748 valebunt‘la
606 2690 684 2747 idem
695 2689 725 2745 in
736 2688 810 2745 libro
823 2688 916 2762 septi·
969 2693 1086 2767 ligatas,
1095 2693 1140 2750 vel
1150 2694 1408 2760 vinctas.t)uorum
1416 2693 1581 2751 arroteritatl
1591 2693 1787 2768 periculosas

93 2779 620 2852 modchncsiadlitteramlcop.2tl):
636 2777 915 2851 eCrcdaturergqsi
968 2782 1083 2839 videtur
1111 2781 1195 2838 nobis
1224 2782 1374 2855 refragari.
1390 2780 1491 2839 Restat
1518 2796 1598 2856 ergo,
1615 2785 1641 2840 si
1666 2783 1787 2840 bisam

93 2866 917 2944 nullascripturarumauctoritas,seuveritatisrstioeon·
970 2872 1109 2940 eraditur,
1120 2871 1214 2927 multa
1223 2871 1259 2927 de
1269 2871 1376 2928 divinia
1385 2871 1469 2928 libris
1479 2871 1712 2941 abradi‚ctcutn
1722 2871 1787 2947 ipsit

92 2942 218 3029 tradicit,
236 2959 386 3017 bominem
398 2958 440 3014 ita
450 2958 561 3014 lactum
576 2960 657 3014 sexte
670 2956 728 3026 die,
740 2962 773 3012 at
786 2954 916 3029 corporis
934 2933 956 2999 c
971 2960 1109 3018 mulcatis
1122 2964 1272 3017 tantormo
1285 2960 1416 3016 virmum
1430 2957 1596 3016 doctricem
1611 2960 1785 3030 labefactari,—

93 3050 214 3124 quidem
228 3048 351 3106 humani
364 3047 575 3103 rstiooaasalis
590 3045 619 3102 in
634 3045 786 3102 elementis
798 3045 913 3112 mandi,
968 3054 1019 3106 aut
1032 3050 1112 3123 quod
1125 3049 1285 3118 carrarias,
1301 3050 1545 3106 contradictorem
1567 3049 1676 3106 horum
1690 3051 1728 3106 ab
1743 3050 1786 3106 tte

93 3140 192 3197 anims
207 3153 274 3194 vere
285 3138 349 3210 jam
365 3134 429 3210 ipsa
443 3139 591 3193 crearetur
604 3134 681 3191 siout
695 3133 832 3207 primitus
845 3148 913 3189 con·
967 3138 1062 3196 etesia
1076 3138 1214 3196 societate
1228 3138 1351 3195 secerni.

93 3227 174 3285 ditus
188 3231 234 3283 est
247 3225 321 3295 dies,
336 3229 365 3282 et
388 3231 486 3281 creata
512 3223 615 3281 lateret
638 3223 668 3279 in
692 3222 830 3295 operibus
852 3222 913 3289 Dei,
1286 3226 1402 3284 CAPUT
1422 3229 1470 3285 111.

92 3318 184 3373 denec
199 3330 264 3371 eam
280 3330 333 3370 auo
358 3318 488 3386 tempora
512 3312 676 3380 suilland03
692 3311 747 3368 hoe
761 3315 807 3368 est
822 3311 914 3383 inspi·
1041 3317 1137 3374 lltmm
1149 3319 1244 3374 anima
1258 3332 1322 3372 cam
1334 3332 1445 3391 corpore
1456 3325 1601 3376 saccentur
1611 3321 1739 3393 urtone.

92 3403 194 3470 raudo,
211 3402 336 3458 lornrato
348 3418 385 3458 ex
399 3401 470 3459 limo
484 3401 598 3476 corpori
619 3396 774 3457 insereret?
786 3422 800 3450 a
816 3399 871 3457 Sed
885 3403 917 3458 at
1004 3405 1135 3462 'tertium
1159 3405 1320 3479 capitulum
1334 3408 1380 3463 ast
1393 3423 1399 3463 :
1417 3403 1521 3464 Utrum
1536 3409 1638 3466 anima
1652 3427 1721 3468 cum
1734 3427 1785 3467 cor·

91 3492 136 3549 vir
146 3490 279 3547 maxima
292 3491 475 3548 auctoritatis
488 3491 680 3563 Hieronymus
695 3489 725 3545 in
740 3489 864 3561 epistola
877 3490 914 3546 ad
969 3511 1037 3566 pore
1065 3498 1215 3551 moveatur
1243 3503 1295 3569 per
1322 3495 1395 3553 loca.
1412 3492 1470 3552 ileu
1492 3497 1658 3570 capitulum
1679 3496 1785 3556 videtur

93 3578 213 3638 Paulam
239 3578 435 3637 consolatoria
461 3579 503 3636 ita
531 3580 614 3651 ponit
636 3579 726 3652 (epist.
742 3577 825 3635 sede
839 3578 916 3635 etita
968 3599 1032 3639 esse
1047 3583 1274 3650 subobscurum,
1289 3585 1429 3658 quoniam
1454 3602 1511 3642 non
1533 3591 1635 3660 aperte
1652 3588 1783 3656 amantii,

91 3670 235 3739 Blesilla)
248 3686 254 3725 :
268 3690 281 3720 a
294 3669 451 3741 Postquam
462 3673 560 3723 autem
571 3667 686 3724 sarcina
696 3667 916 3738 carnisshiecta
969 3676 1069 3727 utrum
1081 3673 1240 3745 perquirat,
1249 3673 1275 3730 si
1285 3675 1385 3731 anima
1395 3688 1462 3732 cam
1472 3675 1571 3749 aliquo
1580 3686 1706 3752 corpore
1715 3675 1784 3735 creat

93 3759 130 3817 ad
141 3775 228 3814 saum
244 3758 344 3812 asima
358 3754 495 3812 revolavit
510 3759 705 3825 auctorem,et
717 3755 747 3810 in
762 3756 915 3829 antiquam
969 3777 1004 3816 er
1017 3759 1072 3815 hoc
1086 3761 1163 3832 quod
1179 3760 1275 3834 gestat
1288 3776 1418 3836 corpore,
1435 3778 1472 3820 an
1495 3777 1563 3821 oum
1588 3766 1658 3835 isto,
1673 3763 1783 3842 quodsi

92 3845 310 3920 possessionem
323 3844 374 3900 diu
389 3842 574 3917 peregrinata
593 3845 774 3916 conscendit,
788 3861 823 3901 ex
835 3861 916 3902 more
969 3848 1108 3905 divinitus
1123 3849 1324 3922 adjudicatum
1339 3856 1394 3922 est,
1408 3860 1559 3911 moveatur
1579 3871 1634 3928 per
1647 3854 1723 3913 loca.
1738 3852 1783 3914 Sel

93 3937 237 4006 parantur
251 3932 405 4006 exseqaiae.
423 3955 437 3983 a
453 3932 533 3988 ldem
556 3931 618 4005 ipse
638 3932 668 3988 iu
688 3933 842 4007 Epitaphio
857 3935 915 3991 Ne·
969 3937 994 3994 si
1005 3939 1165 4011 requiritur
1174 3944 1275 3996 atrum
1287 3941 1463 3999 unlmsoarn
1473 3940 1572 4017 aliquo
1581 3938 1775 4019 cerporecsct

93 4020 205 4095 patiani
221 4022 309 4096 (aptit.
321 4021 339 4078 3
350 4020 386 4077 aa
399 4021 536 4092 deiude:
553 4045 568 4072 «
585 4021 638 4078 boi
654 4039 732 4079 nanc
746 4022 851 4080 decora
864 4022 917 4082 illa
969 4030 1131 4101 usurpare,
1146 4027 1250 4085 beatm
1272 4030 1455 4105 Augustinus
1470 4032 1507 4088 ad
1522 4032 1577 4089 hoe
1594 4035 1784 4108 respondetis

92 4111 202 4169 lacios?
212 4109 263 4168 ubi
278 4110 369 4169 totius
379 4109 511 4184 eorporis
525 4110 664 4184 dignitas,
680 4128 738 4184 quo
750 4110 838 4169 veluti
854 4112 917 4186 pul·
970 4116 1094 4189 epistola
1108 4117 1144 4174 ad
1161 4116 1301 4174 brodium
1317 4121 1483 4193 (epist.100):
1502 4121 1553 4178 &Si
1568 4121 1784 4197 autem,inquit‚

91 4187 162 4257 ebro
183 4199 356 4257 indumento
378 4198 567 4273 pulchritudo
591 4201 694 4258 anima
716 4201 917 4259 vestiebatur?
970 4204 1154 4262 brevitorvis
1168 4207 1360 4281 audire,quid
1376 4209 1447 4265 mibi
1463 4210 1696 4280 rideatur,nulld
1710 4210 1785 4270 mode

93 4277 250 4359 blareebat,
278 4288 352 4363 proh
381 4288 483 4346 dolori
510 4288 599 4346 flante
627 4295 727 4346 austro
755 4289 862 4359 liliam,
890 4295 920 4349 et
934 4295 957 4362 Β
973 4295 1098 4351 arbitror
1112 4296 1242 4352 animam
1255 4312 1272 4353 s
1286 4301 1407 4370 corpore
1427 4299 1505 4356 exire
1528 4308 1598 4357 caru
1620 4297 1787 4376 corporari

92 4395 224 4452 purpura
233 4377 350 4436 violaria
359 4377 501 4450 pallorem
512 4378 622 4436 sensim
632 4379 805 4452 migrabat.»
812 4380 918 4437 Beatus
972 4387 1075 4440 caetera
1088 4401 1153 4457 quo
1167 4385 1198 4441 in
1207 4386 1310 4443 eadem
1325 4386 1450 4460 epistola
1463 4387 1686 4447 continenter.»
1697 4390 1729 4448 hl
1741 4394 1786 4446 ιι·

93 4483 211 4540 quoque
233 4467 391 4542 Gregorius
415 4460 446 4524 io
473 4466 549 4524 libro
578 4467 681 4541 quinto
708 4467 862 4525 Moralium
877 4467 918 4526 ita
970 4473 1219 4546 tamquaritmsi
1234 4487 1302 4531 oum
1316 4488 1438 4549 corpure
1452 4475 1786 4554 marsurperloesit

94 4554 167 4611 dicit
181 4556 251 4630 (cap.
265 4558 312 4629 25)
330 4575 337 4614 :
353 4580 367 4607 «ι
383 4560 455 4614 cum
481 4557 561 4614 enim
588 4574 743 4631 corporeas
772 4558 917 4632 imagines
971 4567 1096 4619 osteum
1113 4563 1169 4619 islo
1184 4565 1391 4638 corporequod
1406 4567 1634 4640 gocerannum
1648 4567 1787 4645 aarum

93 4642 214 4712 deserit,
225 4643 255 4700 in
266 4644 455 4719 semetipsam
466 4663 550 4703 mens
560 4646 678 4705 veniens
693 4664 751 4703 non
767 4646 916 4704 modicam
972 4651 1087 4708 dicatur
1100 4653 1220 4721 moveri,
1235 4666 1304 4711 eam
1319 4664 1376 4711 aon
1401 4660 1583 4714 mercatura
1595 4654 1788 4732 corporane

94 4731 238 4791 ascendit.
258 4733 314 4790 Sed
336 4736 470 4807 quamvis
485 4736 655 4810 incorporea
668 4737 709 4794 sit
724 4737 833 4808 anima,
848 4736 919 4811 quia
972 4740 1037 4813 ipsa
1051 4747 1165 4798 moveat
1179 4756 1296 4816 corpus.
1313 4745 1387 4802 Nare
1409 4744 1473 4802 siae
1494 4747 1559 4818 ejus
1582 4749 1740 4822 prasentia
1751 4743 1789 4804 vai

94 4826 192 4877 tamen
203 4821 320 4894 corpori
332 4821 464 4892 inheret,
476 4841 510 4881 ex
519 4823 584 4897 ipsa
598 4825 645 4882 sui
660 4826 803 4899 qualitate
817 4825 919 4884 localis
973 4834 1046 4886 nutu
1060 4831 1229 4889 nullatenus
1243 4841 1364 4908 corpora
1378 4835 1497 4904 moveri,
1514 4835 1567 4909 qul
1579 4836 1737 4911 superiora
1746 4836 1790 4893 is·-

94 4909 516 4984 agnoscitur,quaecsrnalibus
526 4913 835 4983 locisdetinetur.0ua
845 4918 917 4974 dam
971 4919 1232 4990 tendit,manlleste
1246 4924 1502 4996 cognoscit.Quam
1518 4911 1543 4982 si
1558 4925 1719 4985 abscedere
1732 4940 1791 4984 con·

93 4996 278 5057 obliviscitur
304 4997 389 5069 scita,
419 5003 570 5075 cognoscit
597 5003 756 5078 incognita,
784 5005 919 5063 meminit
971 5009 1079 5081 tigerit,
1096 5011 1146 5068 fiet
1160 5013 1238 5085 quod
1254 5013 1476 5087 scriptumest:
1494 5014 1792 5090 etmomarpatctv

93 5086 231 5145 oblivioni
255 5088 404 5160 mandata,
421 5089 570 5149 hilarescit
592 5097 660 5165 post
687 5093 849 5163 tristitiam,
865 5097 917 5152 sd·
971 5100 1002 5154 io
1015 5107 1118 5156 oenum
1132 5116 1219 5168 auom,
1235 5108 1262 5158 ct
1275 5094 1391 5176 spiritus
1404 5104 1497 5161 redeat
1506 5103 1544 5162 ed
1558 5104 1647 5164 licum
1660 5108 1712 5181 qai
1723 5102 1793 5164 este

93 5177 202 5236 dicitur
215 5182 282 5252 post
296 5177 439 5249 lotitiam,
455 5179 521 5253 ipsa
543 5182 589 5238 sui
612 5181 779 5241 diversitate
806 5183 918 5242 indicat
970 5188 1155 5259 illamOEccle.
1167 5190 1259 5264 aad).
1270 5192 1405 5249 Attamen
1421 5194 1498 5250 sicut
1511 5195 1577 5267 ejus
1590 5210 1664 5254 cnm
1678 5210 1792 5271 corpore

93 5272 238 5340 quantum
253 5285 271 5325 a
285 5267 453 5327 substantia
480 5275 593 5328 eteros
615 5277 645 5328 ct
668 5272 918 5332 incommutabilis
970 5277 1105 5350 copulam
1134 5273 1461 5353 incomprehensibilem
1488 5283 1629 5354 dicimus,
1644 5284 1688 5345 ru
1705 5287 1792 5345 etim

93 5361 204 5414 natura
219 5356 321 5430 distat,
332 5374 398 5432 qua
412 5376 529 5433 semper
544 5365 634 5418 otest
649 5360 728 5418 idem
741 5366 796 5432 est,
808 5363 918 5437 ubique
970 5369 1143 5439 potestatem
1158 5372 1188 5424 et
1201 5373 1307 5427 nutam
1322 5368 1413 5438 illius,
1425 5388 1486 5446 qno
1499 5389 1608 5448 eorpus
1621 5373 1792 5443 ιὶιιιιιιιιι,

93 5461 232 5518 presens,
253 5447 363 5522 ubique
387 5447 556 5518 invisibilis,
580 5449 689 5523 abique
715 5455 787 5519 tota,
805 5452 917 5526 abique
969 5461 1130 5529 vegetetur,
1146 5462 1175 5514 et
1189 5460 1310 5532 regitur,
1326 5458 1488 5535 spiritalem
1504 5464 1533 5522 ci
1551 5462 1591 5523 ob
1603 5464 1634 5525 ill
1650 5464 1738 5527 uobis
1750 5464 1793 5526 ln*

93 5532 432 5614 incompreheusibilis.»
449 5540 529 5600 idam
545 5540 652 5618 ipsein
668 5541 917 5617 consequentibus
970 5545 1264 5623 comprehensibilem
1279 5548 1416 5611 dicimus.
1432 5552 1545 5615 Viderit
1558 5554 1661 5618 ιιιιιιιι
1675 5550 1794 5638 eligaris,
