3810 6098
94 363 173 425 lats
501 362 685 424 nudatus
708 363 914 426 Htuootauo
936 362 1188 424 uuoltauunu
1209 365 1400 427 Asculani.
1730 367 1808 428 fild

93 513 163 552 narn
177 495 266 563 veuit,
279 493 329 552 ubi
346 494 454 552 missos
469 494 569 551 fratris
580 495 626 550 sui
639 495 738 551 obvios
749 495 863 566 babuit,
876 514 927 569 per
940 495 967 562 Α
982 496 1014 551 Et
1028 512 1076 565 epo
1091 496 1143 551 tibi
1157 497 1269 553 emicedo
1294 497 1395 553 laico-m
1417 501 1643 567 communionem,
1659 517 1691 556 ca
1714 500 1809 557 condi*

93 600 169 657 quos
184 587 213 641 et
228 583 411 652 contradixit,
420 587 452 639 ut
468 600 520 639 nec
538 583 569 638 iu
584 587 671 639 antea
688 587 865 658 procederet,
877 604 929 643 nee
983 586 1064 650 tione,
1080 591 1111 639 nt
1133 586 1181 655 ito,
1206 584 1331 656 quandin
1354 587 1467 654 viceris,
1485 589 1624 674 ¹observes,
1639 590 1710 644 sicut
1733 587 1810 645 niodo

92 672 208 729 diutius
223 673 252 728 in
268 673 370 728 eodem
382 688 470 746 regno
486 672 707 737 immoraretur,
723 674 772 729 sed
785 677 820 729 ad
838 692 926 731 suum
981 675 1119 744 proferena
1134 676 1223 744 inisti.

93 778 219 836 regnum
235 763 351 832 rediret,
363 766 392 817 ot
406 765 535 833 tempore
548 763 703 817 commodo
720 768 749 817 et
764 769 928 835 opportuno
1019 761 1200 834 Kngelberga
1216 762 1342 835 deniqne
1359 763 1497 819 redeunte
1512 766 1549 819 ad
1567 768 1672 820 suum¹
1687 767 1810 839 impera·

93 851 159 909 loeo
175 851 265 908 simul
280 851 478 915 convenirent,
490 855 519 906 et
535 851 695 922 dequibus
713 850 797 907 vellet
813 869 880 908 eum
896 870 929 908 eo
984 851 1242 916 erementanos
1254 867 1328 923 papa
1340 851 1462 906 llomam
1480 868 1613 909 reversus
1627 858 1778 927 est‚quem
1794 872 1809 911 e

96 945 254 1014 satageret.
264 939 420 997 Lotbarius
431 944 529 995 autem
542 940 665 995 Romam
681 941 929 1007 rediensalatere
983 939 1104 1011 vestigio
1119 939 1277 995 Dotharius
1288 944 1333 995 est
1347 944 1530 1010 prosecutas.
1544 941 1578 995 ut
1592 941 1718 999 Adriano
1734 960 1810 1016 papa

96 1030 132 1085 ad
150 1029 369 1085 suumfratrom
381 1028 409 1083 in
427 1029 626 1084 Beneventum
638 1046 733 1101 usque
749 1031 889 1102 pervenit,
901 1036 930 1086 et
985 1028 1107 1083 ftomam
1123 1027 1314 1100 ingrediente,
1332 1027 1486 1084 Lotlrarins
1503 1028 1539 1085 ad
1564 1029 1716 1086 ecclesiam
1732 1031 1808 1088 beati

95 1118 175 1192 apud
190 1134 258 1176 eum
273 1134 325 1190 par
339 1116 550 1189 Kngelbcrgam
572 1117 674 1172 multis
689 1117 885 1189 petitionibus
902 1123 930 1174 et
985 1116 1058 1172 Petri
1075 1116 1162 1184 venit,
1181 1115 1231 1173 ubi
1255 1116 1369 1173 nullum
1390 1116 1529 1173 clericam
1553 1117 1671 1176 obvium
1695 1118 1807 1188 babuit,

95 1204 930 1279 muneribusatqueinconvenientisobtinuitutipsalln·
984 1206 1034 1261 sed
1056 1208 1171 1260 tontum
1188 1205 1250 1277 ipse
1270 1206 1412 1277 usquead
1429 1205 1597 1277 sepulcrum
1619 1207 1712 1264 sancti
1733 1208 1809 1264 Petri

95 1295 235 1370 golberga
243 1312 310 1351 cum
320 1311 353 1352 eo
364 1311 459 1367 nsque
468 1294 504 1350 ad
515 1295 727 1351 monasterium
738 1295 930 1352 sanetibene·
984 1310 1052 1349 eum
1061 1294 1123 1349 suis
1134 1293 1273 1366 pervenit,
1281 1293 1554 1367 indequesolarium
1563 1312 1647 1352 secus
1656 1295 1809 1354 ecclesiam

95 1384 178 1451 dicti,
189 1384 266 1457 quod
277 1384 307 1439 in
319 1388 418 1440 rnonte
430 1384 550 1440 Cassiae
571 1383 660 1440 situm
673 1389 726 1450 est,
740 1385 855 1440 rediret.
867 1386 929 1450 Quo
984 1383 1060 1438 beati
1070 1384 1145 1439 Petri
1154 1384 1337 1440 mansionem
1348 1384 1503 1441 habiturus
1514 1386 1648 1455 intravit;
1658 1403 1746 1460 quom
1757 1404 1810 1445 nea

96 1473 186 1530 etiam
196 1472 358 1527 Adriaaum
371 1488 477 1545 papam
488 1472 583 1528 eidem
593 1473 779 1546 Engelbergre
791 1477 819 1528 et
830 1472 885 1529 sibi
896 1490 929 1529 ex
984 1473 1072 1531 otiam
1082 1488 1171 1545 scopa
1184 1473 1359 1529 mundatum
1373 1474 1491 1531 invenit.
1506 1474 1677 1547 Putavitque
1698 1474 1729 1531 in
1744 1493 1808 1533 cra-

92 1562 229 1634 jussione
242 1560 428 1633 imperatoris
439 1561 537 1616 venire
550 1560 626 1630 fecit,
639 1566 666 1617 et
678 1563 755 1635 apud
767 1562 929 1633 eum‚datis
983 1563 1071 1630 stine,
1082 1563 1278 1634 subsequente
1287 1562 1420 1620 videlicet
1430 1563 1577 1620 dominica
1586 1596 1619 1603 —
1628 1581 1695 1620 uam
1708 1564 1811 1622 sabba·

97 1648 140 1705 illi
153 1648 256 1705 multis
269 1649 452 1720 muneribus,
465 1666 517 1722 per
527 1649 620 1722 ipsam
632 1650 846 1724 Kngelbergam
856 1650 929 1705 abii·
983 1655 1011 1707 to
1023 1651 1058 1707 ad
1072 1651 1224 1707 basilicam
1238 1651 1332 1708 sancti
1348 1653 1424 1708 Petri
1440 1653 1570 1726 pervenit
1582 1684 1614 1694 —
1626 1653 1683 1710 sibi
1698 1655 1810 1710 cantari

98 1738 174 1804 nuit,
186 1742 219 1793 at
229 1738 307 1793 idem
318 1754 394 1810 papa
404 1737 447 1793 illi
459 1739 582 1794 missam
594 1739 763 1805 cantaverit,
775 1743 804 1794 et
814 1756 927 1795 sacram
983 1741 1087 1796 debere
1099 1741 1235 1809 missam;
1248 1742 1297 1797 scd
1310 1743 1456 1813 uprrefuto
1468 1742 1604 1814 pontiflce
1614 1742 1668 1798 hoc
1679 1743 1811 1800 obtinere

98 1825 338 1883 communionem
362 1826 417 1882 hac
437 1826 639 1883 convenientia
662 1826 688 1881 ei
713 1828 872 1894 donaverit,
890 1827 924 1893 si,
941 1864 964 1928 B
983 1845 1040 1883 non
1058 1829 1161 1902 potuit.
1175 1830 1243 1885 Inde
1259 1832 1388 1888 secunde
1403 1831 1475 1886 feria
1492 1832 1614 1887 ftomam
1629 1831 1808 1905 ingrediens,

98 1920 257 1987 postquem
274 1914 409 1971 Nicotaus
426 1932 501 1988 papa
519 1915 706 1971 Waldradom
723 1915 923 1972 exeommuni·
979 1918 1125 1990 inpalatio
1136 1919 1808 1993 Lateranensicumipsoapostolicoprandidit,

98 2004 184 2075 eavit,
197 2002 311 2060 nullum
323 2021 391 2059 curn
402 2019 435 2060 ea
447 2004 671 2060 contubernium
681 2004 725 2060 vel
741 2003 866 2061 carnalis
877 2021 923 2060 eo·
980 2010 1008 2061 et
1022 2007 1099 2063 datis
1114 2007 1140 2063 ci
1156 2008 1328 2064 muneribus
1347 2007 1377 2063 in
1392 2009 1470 2066 tresis
1494 2009 1590 2067 aureis
1606 2014 1634 2066 ot
1648 2008 1807 2081 argenteis,

98 2091 173 2166 palm
190 2092 413 2149 mercimonium
426 2092 497 2164 quin
508 2109 561 2147 nee
577 2091 765 2164 conloquium
776 2093 924 2164 quoddam
980 2095 1117 2162 obtinuit,
1126 2097 1191 2152 atei
1202 2096 1264 2169 ipse
1276 2096 1405 2170 pontifex
1414 2097 1519 2154 lenam
1528 2099 1538 2132 ¹
1548 2099 1586 2169 (b)
1597 2102 1625 2156 et
1635 2097 1764 2169 palmam
1775 2115 1808 2153 ue

97 2181 244 2237 habuerit.
258 2181 320 2254 lpse
339 2185 437 2238 autem
462 2181 572 2250 infelix,
584 2198 664 2237 more
679 2181 774 2252 iude,
788 2181 926 2237 simulata
981 2184 1105 2239 ferulam
1121 2184 1212 2252 daret,
1229 2185 1306 2240 sieut
1328 2190 1356 2241 et
1372 2185 1448 2242 feeit.
1461 2188 1528 2252 Qua
1552 2202 1675 2242 munera
1690 2186 1731 2241 ita
1746 2186 1809 2258 ipse

97 2270 176 2327 bona
192 2270 371 2326 conscientia
387 2276 415 2327 et
431 2270 594 2342 impudenti
611 2270 713 2338 fronte,
730 2271 863 2327 camdem
880 2288 926 2327 sa·
982 2276 1010 2327 et
1025 2273 1071 2328 sui
1088 2273 1268 2345 interpretati
1285 2278 1367 2345 sunt,
1378 2273 1511 2330 videlieet
1532 2278 1564 2329 ut
1583 2291 1635 2346 per
1653 2274 1758 2330 laenam
1774 2275 1808 2330 da

97 2375 178 2415 eram
194 2359 432 2416 communionem
448 2359 503 2415 sub
521 2360 576 2416 hac
592 2360 782 2416 conventione
798 2359 928 2432 accipere
982 2359 1141 2416 Waldrada
1157 2362 1353 2430 revestiretur,
1364 2379 1415 2434 per
1435 2361 1564 2434 palmam
1580 2363 1718 2419 viatorem
1734 2379 1765 2420 se
1779 2363 1808 2418 iu

99 2464 158 2504 nou
175 2446 327 2522 pertimuit
346 2465 398 2505 nee
423 2449 583 2516 recusavit;
600 2449 650 2504 sed
677 2453 705 2504 et
728 2450 774 2505 sui
800 2449 928 2506 fautores
983 2448 1030 2506 his
1044 2467 1108 2522 qne
1119 2454 1244 2522 coeperat
1255 2452 1481 2518 demonstraret,
1494 2468 1546 2524 per
1559 2451 1682 2508 ferulam
1694 2450 1809 2525 episeo-

99 2554 168 2592 aum
184 2553 218 2594 eo
233 2537 270 2593 ab
285 2537 348 2609 ipso
364 2555 441 2610 papa
455 2554 609 2610 percepere
626 2538 875 2607 communionem,
891 2540 920 2595 in
985 2554 1037 2610 pos
1052 2555 1111 2595 sum
1126 2537 1270 2594 voluntati
1286 2540 1455 2596 resistentes
1470 2541 1640 2597 obsistendo
1652 2540 1811 2613 distringe-

99 2630 145 2681 ter
161 2643 234 2698 quos
259 2641 287 2681 e'.
302 2626 492 2695 Guntburius,
506 2631 608 2683 auctor
632 2630 661 2682 et
685 2627 818 2682 incentor
840 2626 930 2697 hujus
984 2632 1037 2682 ret.
1050 2628 1105 2682 Sed
1117 2626 1201 2682 aliter
1211 2628 1247 2683 ab
1258 2629 1359 2684 eodem
1371 2645 1447 2700 papa
1462 2633 1490 2683 et
1506 2629 1645 2685 Romanis
1656 2630 1735 2685 fuere
1749 2629 1807 2685 dis·

101 2714 213 2787 publici
228 2712 375 2782 adulterii,
387 2715 623 2772 communionem
640 2715 716 2770 inter
729 2715 820 2772 laicos
835 2715 871 2772 ab
886 2732 929 2771 eo·
984 2716 1092 2788 posita,
1106 2732 1174 2770 nam
1186 2716 1262 2771 idem
1273 2716 1402 2788 pontifex
1418 2717 1590 2773 Formosum
1600 2717 1770 2788 episcopum
1780 2720 1808 2773 et

103 2804 171 2859 dem
186 2804 314 2860 Adriano
337 2820 413 2876 papa
433 2805 554 2878 accepit,
568 2805 636 2860 data
659 2804 701 2860 illi
727 2805 809 2877 priua
832 2821 930 2861 coram
985 2803 1261 2860 aliumetiamcum
1278 2805 1497 2877 coepiscopum
1524 2804 1554 2860 iu
1578 2804 1632 2861 bes
1647 2803 1807 2861 Galliarum

103 2892 244 2949 omnibus
259 2893 448 2966 professione,
460 2911 524 2966 quis
540 2893 582 2949 ita
597 2893 744 2950 babetur:
986 2896 1083 2964 partes
1100 2890 1256 2946 mittendos
1270 2891 1425 2963 disposuit,
1435 2896 1469 2946 ut
1484 2908 1552 2947 eum
1568 2891 1734 2964 pluralitate
1747 2892 1807 2965 epi-

140 3005 153 3031 ιι
173 2982 311 3039 Profiteor
326 2999 379 3056 ego
391 2983 573 3039 Guntburias
593 2999 691 3039 coram
705 2983 763 3039 Deo
780 2991 808 3038 et
823 2985 932 3040 sanetis
986 2997 1141 3052 scoparum
1153 2981 1188 3035 de
1203 2980 1249 3036 his
1259 2997 1323 3052 qun
1340 2979 1494 3036 Letharius
1511 2980 1626 3054 petebat
1640 2984 1807 3048 tractarent,

98 3071 165 3142 ejus
176 3071 397 3142 vobis,d0mino
408 3088 472 3127 meo
482 3071 620 3140 Adriano,
633 3087 749 3128 summo
762 3073 891 3145 pontifici
904 3071 933 3128 et
987 3075 1014 3126 et
1029 3068 1070 3124 illi
1083 3068 1219 3125 Kalendis
1231 3069 1336 3139 Martii,
1344 3087 1407 3142 qum
1418 3069 1534 3126 inventa
1544 3070 1648 3139 forent,
1657 3069 1687 3126 in
1698 3068 1808 3142 syuodo

102 3159 260 3216 universali
277 3177 370 3233 pape,
383 3177 415 3216 ac
431 3162 603 3217 venerandis
614 3161 666 3216 tibi
682 3162 809 3218 subditis
820 3162 932 3235 episco·
988 3159 1198 3224 renuntiarent,
1211 3175 1299 3230 quam
1316 3159 1413 3214 Romae
1427 3159 1456 3214 in
1471 3158 1544 3231 ipsis
1559 3157 1697 3215 Kalendis
1713 3157 1809 3214 Martii

99 3249 146 3321 pis
163 3248 333 3322 reliquoque
347 3250 647 3323 eouventu,qnoniam
659 3250 806 3322 judicium
817 3233 966 3323 deposi-(l
985 3247 1241 3318 denuntiavit,qno
1258 3247 1346 3303 etiam
1362 3252 1490 3320 quotuor
1504 3248 1656 3321 episcopos
1671 3264 1705 3303 ex
1720 3263 1808 3320 regno

99 3338 190 3394 tionis
205 3339 235 3395 in
252 3355 298 3394 me
314 3356 331 3394 a
345 3339 453 3394 domno
468 3338 586 3395 Nicolao
601 3339 740 3394 canonice
760 3338 854 3395 latum
870 3356 928 3396 non
983 3334 1157 3403 Hladotm'ci,
1174 3336 1251 3408 regis
1266 3335 1437 3404 Germaniae,
1452 3352 1520 3392 oum
1540 3335 1634 3408 ipsius
1654 3335 1769 3409 legatis,
1781 3337 1810 3392 et

100 3427 291 3501 reprebendo,
304 3428 355 3483 sed
370 3427 523 3483 humiliter
537 3431 630 3500 porto.
644 3427 724 3484 Unde
736 3444 787 3483 nec
805 3426 927 3485 alterius
982 3429 1109 3497 quatuor
1119 3425 1592 3499 episcoposexrcgnoKaralicum
1602 3423 1809 3497 ejuslegatis³,

100 3533 219 3573 sacrum
235 3515 432 3572 ministerium
450 3515 617 3588 contingere
633 3533 788 3587 presumo,
807 3515 862 3572 nisi
878 3534 929 3589 per
982 3519 1011 3569 et
1026 3514 1169 3586 quosdam
1186 3513 1339 3587 episcopos
1356 3530 1389 3570 cx
1405 3531 1492 3587 reguo
1513 3513 1641 3571 Letharii
1657 3512 1809 3588 epistolis⁸

100 3604 334 3661 misericordiam
355 3604 426 3660 mihi
452 3603 604 3660 subvenire
619 3603 780 3673 volueritis,
796 3621 848 3661 uec
875 3605 926 3660 ali·
982 3604 1045 3660 suis
1057 3603 1110 3658 bac
1122 3602 1288 3659 conditione
1297 3604 1395 3659 venire
1407 3603 1593 3675 precepit,ut
1603 3621 1667 3676 qum
1680 3603 1709 3658 in
1721 3619 1807 3676 syno-

100 3694 219 3767 quando
234 3698 336 3750 contra
357 3698 489 3750 sanctam
516 3694 679 3750 Romanam
702 3692 862 3751 Ecclesiam
878 3699 928 3750 aut
983 3693 1018 3748 do
1030 3688 1285 3748 velexaminonda
1305 3692 1348 3748 vel
1370 3693 1497 3766 gerenda
1512 3691 1658 3757 ferentin
1675 3689 1809 3763 personis

100 3784 165 3854 eJ'us
181 3782 350 3857 pontificem
371 3780 490 3855 aliquod
506 3781 679 3841 scandalum
701 3782 745 3840 uel
767 3782 928 3856 quidquam
983 3781 1107 3839 aliorum
1119 3781 1335 3850 confirmarent,
1348 3786 1409 3836 tam
1425 3798 1458 3838 ex
1475 3779 1704 3852 occidentalibus
1719 3779 1808 3852 parti·

100 3872 215 3928 adversi
231 3887 345 3928 movere
356 3871 431 3939 volo,
444 3873 494 3928 sed
506 3871 643 3929 devotum
659 3889 704 3928 me
716 3873 810 3929 eidem
821 3877 927 3929 sanetae
983 3873 1038 3928 bus
1054 3888 1143 3944 quam
1158 3888 1192 3926 cx
1207 3854 1409 3927 orientalibus.
1423 3870 1505 3927 Unda
1520 3868 1627 3926 missos
1643 3886 1722 3941 suos,
1735 3885 1809 3941 quos

101 3959 332 4017 matriEeclesiae
344 3962 466 4033 ejusque
482 3960 598 4032 praesuli
611 3960 745 4016 exhibere
757 3965 845 4032 atque
860 3963 927 4018 obe·
982 3977 1076 4033 nuper
1104 3959 1386 4032 Constantinopolim
1416 3977 1467 4032 pra
1502 3957 1687 4015 contentione
1720 3975 1809 4031 qnam

100 4049 231 4106 dientem
247 4048 843 4122 permanereprotestor.llgoGuntbarius
859 4049 928 4106 huie
981 4047 1137 4104 orientales
1161 4063 1228 4102 cum
1253 4047 1370 4103 Nicolao
1396 4064 1472 4119 papa
1496 4046 1654 4113 habebant,
1677 4046 1807 4114 miserat,

100 4136 275 4211 professioni
292 4154 369 4195 ame
389 4123 471 4195 tacta
495 4153 586 4193 manu
610 4137 727 4210 proprie
753 4137 925 4211 subscripsi.
981 4138 1051 4192 tunc
1065 4139 1203 4190 venturos
1219 4135 1383 4206 separabat.

101 4226 175 4283 Data
186 4225 330 4283 Kalendas
345 4227 426 4293 iulii,
439 4225 596 4283 indictione
606 4229 636 4294 2;
653 4225 683 4281 in
696 4225 817 4282 eeclesia
833 4228 927 4283 sancti
1019 4223 1195 4280 Lotbarius⁸
1210 4240 1277 4279 vero
1293 4224 1386 4279 lloma
1408 4222 1492 4279 latus
1513 4237 1696 4294 promovens,
1714 4238 1808 4293 usqua

101 4314 259 4371 Salvatoris
273 4317 322 4388 (u),
335 4333 398 4388 que
415 4316 510 4372 estin
533 4316 710 4372 monasterio
726 4315 927 4372 sancti'Benc-
983 4315 1091 4370 Lucam
1105 4312 1252 4368 civitatem
1262 4311 1350 4377 venit,
1361 4311 1412 4366 abi
1429 4310 1507 4367 febre
1518 4307 1683 4382 corripitur,
1691 4313 1720 4366 et
1730 4326 1809 4383 gras·

101 4403 172 4461 dicti
185 4404 217 4459 in
232 4404 363 4461 Cassiae.
379 4428 393 4455 n
982 4406 1065 4461 santo
1074 4401 1192 4458 cladein
1201 4416 1280 4469 suos,
1289 4417 1363 4472 quos
1373 4399 1403 4455 in
1414 4398 1514 4455 oculos
1523 4400 1608 4455 saosl
1617 4397 1807 4455 coacervatim

135 4492 288 4565 decipiens
304 4498 402 4549 autem
418 4495 511 4550 isdem
531 4511 606 4566 papa
622 4511 638 4550 a
652 4493 814 4550 (lauthario
830 4496 927 4551 consi·
983 4492 1056 4551 mori
1072 4489 1279 4564 conspiciebat,
1293 4490 1342 4545 sed
1354 4487 1501 4560 judicium
1515 4486 1566 4544 Dei
1581 4485 1743 4560 intelligere
1760 4504 1808 4544 aa

101 4585 196 4638 utente
212 4581 288 4637 inter
298 4581 388 4638 laicos
404 4582 479 4638 hanc
495 4583 716 4655 professionem,
730 4582 867 4640 relectam
882 4583 926 4639 iu·
942 4605 966 4670 p
982 4582 1055 4650 leus,
1079 4598 1171 4654 usquc
1197 4578 1373 4636 Placentiam
1390 4582 1406 4633 8
1422 4577 1490 4634 ldus
1514 4573 1637 4648 Augusti
1662 4576 1806 4648 pervenit;

102 4673 147 4726 ter
159 4667 250 4726 laicos
261 4669 297 4726 ab
309 4670 373 4742 ipso
387 4669 501 4742 publice
514 4687 611 4728 earam
622 4671 769 4739 omuibus,
782 4672 855 4728 dixit
865 4672 905 4729 illi
920 4691 925 4728 :
982 4667 1082 4743 ibique
1104 4669 1250 4725 dominica
1276 4667 1322 4723 die
1346 4664 1588 4739 superdiaruans,
1605 4664 1683 4720 circa
1705 4664 1807 4722 horum

739 4823 945 4883 clamares
966 4822 1175 4881 Lectiones.

138 4940 145 4973 ¹
162 4936 251 4994 decere
264 4937 372 4994 videtne
385 4937 535 5008 maritum,
551 4938 768 4997 Hludowicum.
808 4944 818 4975 ²
833 4941 879 4997 Cir.
897 4942 1020 5008 laenam,
1036 4943 1084 5014 Bq.
1098 4941 1234 5006 lemnam;
1251 4939 1334 5010 facilc
1347 4936 1499 4994 cernendam.
1538 4939 1591 4993 ³et
1606 4940 1732 5008 quatuor
1746 4933 1806 5002 cpi-

101 5026 206 5081 scopos
220 5025 254 5065 ex
270 5026 359 5083 reguo
375 5008 470 5065 Karoli
485 5026 551 5066 eum
568 5011 632 5083 ejus
648 5010 752 5096 legatis
768 5013 839 5068 deest
854 5012 900 5067 Cir.
941 5014 951 5048 ⁶
967 5011 1095 5069 Letharii
1120 5028 1188 5067 oum
1207 5008 1338 5082 epistolis
1355 5010 1402 5066 Cir.
1442 5011 1452 5044 ⁵
1468 5009 1535 5078 oren
1548 5015 1699 5081 sequnntur
1712 5013 1806 5061 corrin-

100 5081 184 5137 iimur
199 5097 261 5135 enm
282 5081 373 5137 codice
397 5082 474 5150 renio
499 5082 569 5137 8394
585 5082 622 5155 (l)
636 5099 684 5155 qne
708 5100 740 5139 eo
765 5093 871 5139 tantam
894 5084 973 5140 tabet
997 5099 1061 5156 qne
1084 5090 1193 5138 certant
1221 5081 1293 5153 opud
1323 5082 1445 5138 dimoini
1472 5081 1697 5135 continuatorem.
1714 5077 1804 5138 Bono.

100 5152 121 5208 Ε
139 5168 200 5208 oea
216 5168 278 5208 enm
293 5153 416 5210 dimetrii
429 5155 633 5211 continuatione
648 5155 697 5210 tib.
713 5172 741 5220 v,
759 5171 817 5226 cop.
833 5157 928 5211 21-40.
944 5156 1030 5226 (enred
1044 5155 1190 5210 Freterum
1210 5156 1240 5208 in
1261 5168 1370 5224 corpore
1385 5153 1448 5208 trist.
1466 5151 1608 5207 Frenetes
1623 5157 1641 5204 t.
1652 5149 1686 5215 ll,
1696 5164 1722 5219 p.
1740 5149 1806 5229 4η-

99 5170 304 5350 53β.)Ασοηιτιίέ,
321 5232 347 5280 et
359 5226 472 5296 nrojoris
486 5228 616 5282 momordi
631 5228 755 5282 lectiones
776 5228 866 5283 littero
881 5228 900 5282 Α
918 5226 1040 5300 adposita
1064 5227 1167 5292 crotoni,
1183 5225 1278 5280 multis
1293 5226 1323 5279 in
1339 5232 1441 5279 teetnrn
1456 5223 1578 5292 receptis.
1617 5221 1697 5276 lsub
1713 5218 1806 5275 oeulis

102 5313 165 5353 suis
202 5339 208 5350 .
807 5334 810 5338 »

895 5395 1012 5453 NOTAE.

137 5509 176 5636 (op
197 5509 228 5564 ln
250 5509 313 5565 vieo
338 5509 571 5578 San-Germano;
607 5512 636 5566 in
672 5513 772 5567 eudem
807 5510 929 5567 ecclesia
1020 5513 1054 5583 (iij,
1073 5507 1632 5582 terrrrtztm.i.t2trz,sogumdensum.

101 5597 150 5637 an.
177 5582 240 5646 230,
253 5580 417 5639 fridericus
433 5581 458 5639 ll
475 5582 632 5654 imperator
644 5583 780 5655 Gregorio
797 5583 832 5639 llt
847 5600 928 5656 papa

101 5652 308 5729 reconciliatus
322 5657 376 5709 est.
