3810 6098
102 109 159 183 293
462 109 513 169 llll
534 106 914 171 ensnssnlnlnlonu
936 107 1196 173 ulssnnnn'rlo
1218 112 1448 176 PilS'llllilOll.
1743 121 1804 182 294

100 239 217 314 Alioqui
225 238 361 297 nonnulli
369 239 690 312 hereticicondtentur,
698 240 782 297 multi
789 240 930 297 schisma·
943 240 970 309 Α
984 240 1209 314 incorporantur
1221 242 1346 300 Christo.
1362 243 1516 319 Responde
1537 249 1632 319 nobis,
1648 250 1674 306 si
1697 249 1803 324 placet,

100 328 158 397 tici,
168 328 262 387 multi
275 328 341 387 falsi
355 327 613 395 catholici,Jesum
629 329 779 386 Christum
795 329 824 384 in
841 346 927 386 corno
981 331 1038 386 lide
1048 348 1085 386 nn
1096 330 1295 389 infidelitates
1309 333 1481 405 perentibus
1494 335 1530 392 ed
1541 335 1693 395 ecclesium
1704 340 1805 414 depor-

98 418 225 487 veuisse,
241 419 293 475 scd
309 417 523 474 consessionem
538 435 623 473 suum
640 417 723 474 lactis
739 423 855 491 negant,
869 435 926 473 ιιοιι
982 420 1101 476 tantur‘i
1111 419 1266 476 dilectione
1276 420 1438 490 salutis,an
1451 422 1517 478 odio
1528 425 1698 496 perditionis
1707 434 1803 502 petro·

97 507 235 564 habendo
254 505 438 564 charitatem.
455 505 589 563 Charites
612 507 721 579 quippe
745 507 795 562 Dei
820 505 926 563 Filium
981 506 1027 563 nis
1043 509 1246 580 aparentibus
1270 509 1442 578 offeruntur,
1459 512 1620 584 apntronis
1643 518 1803 574 sucerdoti-

97 595 222 653 adduxit
247 595 278 651 in
303 595 557 662 camem,etideo
585 595 721 669 quisquis
751 612 808 651 non
837 595 927 652 habet
980 595 1036 651 bus
1047 596 1146 652 itidem
1158 598 1804 667 offerentur,asacerdotibusexsufflanturet

97 684 285 752 charitatem,
298 688 385 757 negat
399 682 483 739 illum
498 683 529 739 in
549 701 635 741 carne
651 684 775 741 venisse.
788 684 927 757 Talisque
980 683 1190 752 exorcizantur,
1208 690 1241 741 ut
1260 704 1277 742 a
1298 691 1440 760 potestate
1464 688 1573 745 diaboli
1593 694 1755 751 eruantur?
1771 696 1803 752 ln

98 773 238 848 spiritum
255 791 289 830 ex
304 773 363 830 Deo
378 789 436 828 non
451 773 558 830 habere
574 773 784 830 convincitur.»
795 774 829 828 Et
844 773 924 842 item,
980 776 1074 830 morte
1088 772 1196 830 Christi
1212 775 1408 847 baptizantur,
1421 780 1452 833 ut
1466 778 1570 834 mortis
1585 780 1649 852 ejus
1662 781 1803 839 similitu·

100 886 114 915 ιι
126 864 195 922 liaec
204 870 247 920 est
258 864 374 920 eicwric
389 864 548 935 convincit
563 862 706 931 mucidum,
718 862 784 935 fides
800 870 893 919 iiostrc
904 862 927 935 (l
980 860 1042 918 dini
1057 862 1246 936 complantati
1261 871 1380 938 peccato
1404 865 1505 939 utique
1521 867 1703 926 moriantur?
1724 871 1803 930 Velis

98 956 178 1010 roan.
188 969 219 1020 v,
231 953 270 1022 t).
279 950 335 1008 Illa
348 951 489 1008 nimirum
507 952 589 1023 ddeS,
600 969 664 1025 que
680 951 926 1024 perdilectionem
981 948 1056 1007 nolis
1071 950 1131 1007 bec
1143 951 1242 1009 omnia
1256 953 1316 1026 geri
1329 953 1386 1010 fide
1397 971 1459 1027 que
1474 973 1527 1028 per
1538 956 1724 1016 dilectionem
1735 977 1804 1035 ope·

98 1045 247 1116 operatur.
260 1064 275 1091 ιι
286 1041 323 1097 Ει
337 1039 408 1097 ἰιειιι
424 1040 500 1098 Beda
515 1041 557 1111 (ln
571 1042 711 1114 epistolem
726 1040 827 1109 Jocoii,
842 1056 865 1096 c.
876 1043 923 1109 2):
980 1043 1071 1107 ratur,
1089 1045 1217 1098 arctatus
1234 1042 1398 1099 arctissime
1417 1044 1618 1117 respondebis,
1634 1045 1691 1104 nisi
1705 1047 1803 1122 impu·

99 1154 111 1181 ι
122 1130 458 1202 lloequoquetcmpore,
468 1127 552 1203 siqui
564 1131 701 1202 nuperad
710 1130 797 1186 fidem
805 1129 926 1186 veniens
979 1128 1281 1186 dentilrontementiri
1289 1132 1725 1203 presumendodeereveris.»llt
1733 1136 1802 1196 item

97 1217 280 1293 baptismum
295 1218 449 1290 acceperit,
466 1223 495 1274 et
513 1235 680 1292 proponens
695 1222 755 1276 toto
775 1218 860 1275 corde
876 1218 924 1274 Dei
979 1215 1057 1272 idem
1068 1216 1097 1272 in
1109 1223 1188 1274 sexto
1201 1218 1276 1276 libro
1287 1220 1356 1292 (cap.
1368 1219 1394 1292 l)
1407 1238 1413 1277 :
1427 1243 1441 1270 ιι
1457 1221 1530 1277 Nom
1542 1224 1689 1295 quomodo
1704 1243 1802 1299 repor-

97 1324 211 1365 servers
239 1312 397 1380 precepta,
413 1324 480 1363 mox
506 1307 542 1364 de
568 1307 623 1364 bac
651 1306 716 1364 luce
746 1307 923 1381 migraverit,
979 1308 1022 1360 tat
1032 1305 1142 1361 bonum
1160 1311 1192 1361 ut
1207 1306 1295 1364 intret
1310 1307 1339 1363 in
1356 1324 1477 1382 regnum
1491 1311 1549 1380 uei,
1562 1311 1586 1367 si
1603 1311 1658 1369 boc
1673 1318 1803 1387 reportet

94 1395 923 1471 justificatusutiqueperfidomsineoperibusmigravit,
978 1393 1624 1471 quisquequodgcssit,nisiquiapertinetad
1634 1403 1800 1475 parvulum,

98 1485 162 1560 quia
173 1489 297 1559 tempus
307 1484 457 1558 operandi,
470 1485 548 1542 unde
559 1486 647 1542 tidem
658 1486 805 1558 probnret,
818 1485 922 1558 ipsein
977 1481 1065 1537 etiam
1076 1484 1155 1555 quod
1166 1501 1217 1557 per
1226 1484 1351 1541 alterum
1361 1485 1463 1559 gessit,
1474 1487 1502 1542 id
1513 1492 1557 1545 est
1567 1490 1710 1548 credidit?
1720 1491 1803 1551 Sicut

97 1591 180 1649 quem
198 1573 328 1631 eredidit
346 1574 404 1631 Dec
419 1575 592 1647 disponente
613 1592 670 1632 non
691 1574 804 1631 hebuit.
821 1574 921 1647 Atqui
977 1569 1076 1643 itaque
1087 1573 1163 1644 quod
1180 1573 1273 1630 credit
1289 1575 1415 1647 pertinet
1432 1576 1468 1631 ad
1484 1593 1551 1632 cum
1569 1581 1601 1633 ut
1612 1582 1740 1652 reportet
1753 1581 1803 1639 bo·

97 1663 240 1738 perceptis
256 1662 450 1720 sacramentis
472 1663 558 1737 longo
577 1663 766 1736 superiivunt
780 1668 921 1736 tompore,
978 1674 1059 1727 num,
1071 1658 1126 1715 boc
1142 1665 1188 1716 ost
1202 1661 1343 1735 pereipiat
1353 1663 1404 1720 Dei
1416 1680 1549 1737 regnum,
1562 1666 1603 1722 sio
1614 1668 1650 1723 ad
1661 1685 1729 1725 curn
1740 1686 1803 1742 per·

96 1769 142 1810 uec
157 1751 250 1811 bonis
270 1753 408 1810 insistere
423 1757 527 1809 curant
541 1752 689 1826 operibns,
703 1752 750 1809 his
769 1751 921 1809 inculcnn-
975 1747 1058 1816 tinet,
1070 1749 1185 1805 etiamsi
1201 1768 1260 1806 nou
1275 1751 1408 1821 credidit,
1425 1758 1458 1810 ut
1477 1759 1606 1827 reportet
1621 1757 1800 1815 condemna·

95 1842 160 1899 dum
170 1845 219 1898 est
229 1842 310 1915 quod
324 1841 427 1898 beatus
437 1841 574 1909 Jacobus,
588 1841 736 1915 proposito
748 1840 879 1914 exemplo
892 1841 922 1897 ll·
975 1837 1228 1909 tioniandieium,
1237 1839 1534 1914 quinevangelicaest
1544 1847 1573 1899 et
1583 1843 1647 1916 ipsa
1658 1845 1802 1904 sententia

95 1930 134 1987 dei
148 1930 246 1987 simul
261 1934 291 1986 et
306 1947 426 2003 operum
435 1930 567 1998 Abrebe,
580 1947 647 1986 mox
658 1931 791 1987 subdidit
800 1931 919 1987 dicens:
974 1925 1097 1981 dicendo
1114 1943 1121 1982 ε
1142 1928 1195 1996 Qui
1217 1945 1274 1984 non
1294 1929 1440 1986 crediderit
1462 1931 1686 1988 corrdmnncbitcr
1706 1932 1799 2003 (llorc.

95 2018 191 2076 Videtis
206 2021 342 2092 queniam
355 2018 528 2091 exoperibus
542 2020 711 2092 justificatur
725 2019 815 2087 trono,
826 2027 852 2075 et
865 2035 921 2074 ricc
974 2031 1031 2080 xvc
1050 2015 1103 2087 16).
1116 2038 1130 2065 »
1146 2016 1181 2071 nt
1196 2022 1262 2089 post
1282 2035 1376 2090 pauca
1393 2035 1425 2075 :v
1442 2018 1577 2076 Alienum
1597 2021 1706 2094 quippe
1726 2039 1801 2095 opus

94 2124 122 2164 cr
133 2107 191 2180 fide
204 2111 337 2166 mmm?
351 2107 417 2180 (loc.
432 2125 462 2175 u,
473 2110 530 2178 et).
542 2109 623 2174 Quod
649 2109 690 2164 ait
712 2125 747 2164 ex
770 2108 919 2181 operibus,
974 2106 1019 2158 est
1033 2119 1100 2159 cum
1117 2103 1207 2159 credit
1221 2122 1273 2177 per
1283 2104 1421 2173 alterum,
1432 2106 1510 2162 sicut
1522 2106 1650 2164 alienum
1659 2125 1735 2181 opus
1745 2109 1802 2167 ruit

94 2197 285 2272 significatos
296 2196 433 2271 operibus
444 2196 511 2252 fidei
523 2213 529 2251 :
543 2195 920 2269 quisperlectaopernsine
973 2208 1042 2246 eum
1066 2193 1196 2264 pececvit
1210 2192 1240 2249 in
1256 2193 1357 2250 altero.
1375 2195 1432 2250 Neo
1457 2212 1510 2252 nos
1534 2197 1706 2254 dubitamus
1729 2198 1800 2271 qula

94 2287 145 2345 tide
159 2284 269 2343 nuilus
283 2285 391 2342 babere
405 2290 501 2357 potest
512 2302 519 2340 ε
531 2285 619 2341 fidem
630 2302 696 2341 vero
708 2285 770 2340 sinc
782 2284 920 2358 operibus
973 2279 1150 2352 baptismate
1161 2280 1300 2337 delictum
1311 2299 1398 2339 omne
1409 2284 1576 2353 mundetur,
1586 2286 1636 2342 sed
1648 2303 1800 2344 renascen-

94 2373 221 2443 multi,si
232 2374 293 2431 illis
303 2390 424 2447 operum
435 2378 552 2447 tempus
565 2391 622 2431 non
633 2374 719 2431 adsit.
730 2373 769 2430 De
781 2372 920 2447 qualibus
973 2368 1010 2424 do
1021 2369 1146 2442 quisque
1158 2371 1328 2427 mundetur.
1336 2374 1417 2438 Quod
1429 2389 1497 2446 ergo
1509 2392 1567 2431 nou
1578 2376 1747 2435 udimituisi
1759 2395 1800 2436 re·

93 2465 203 2521 dietum
220 2468 268 2520 est
281 2480 289 2519 ε
302 2464 402 2536 Raptus
416 2471 454 2520 est
467 2464 618 2519 nemcidic
627 2471 744 2519 inauret
753 2463 920 2519 intellectum
971 2459 1129 2529 germinio,
1141 2476 1197 2514 non
1213 2463 1309 2516 cessat
1318 2461 1433 2518 trahere
1447 2464 1606 2535 generatio.
1616 2488 1629 2515 ιι
1639 2466 1797 2524 Venerabi-

94 2554 237 2621 ,ΜΝ
249 2553 323 2625 ficeto
332 2551 466 2625 deciperet
474 2554 598 2608 patrnam
614 2552 692 2608 iuius
704 2552 778 2624 (sap,
791 2569 829 2619 ιε,
845 2553 917 2621 11).»
971 2544 1008 2601 lis
1019 2563 1137 2618 quoquc
1150 2548 1302 2620 presbyter
1317 2548 1394 2605 Beda
1409 2548 1438 2605 in
1454 2552 1634 2625 expositione
1649 2555 1796 2629 Evangelii

93 2641 143 2698 Sed
156 2647 187 2698 et
200 2641 235 2697 in
249 2640 359 2698 talibm
370 2640 435 2714 ipsa
445 2641 519 2697 fides
533 2657 607 2713 opus
617 2645 671 2710 cst,
684 2640 760 2697 sicut
775 2640 917 2713 scriptum
972 2633 1061 2689 Murci
1071 2650 1096 2690 :c
1107 2635 1284 2692 Intuendum
1293 2644 1515 2710 senequantum
1526 2641 1643 2715 propris
1652 2645 1797 2718 qu‘usque

94 2730 177 2788 estin
192 2728 363 2804 Evangelio,
376 2730 430 2786 lice
443 2737 482 2787 cat
495 2737 663 2802 cctcmopcc
681 2730 740 2798 Dei,
753 2738 783 2786 ct
802 2729 918 2786 credatis
971 2723 1044 2778 sides
1058 2725 1135 2796 apud
1152 2725 1245 2782 Deum
1258 2726 1438 2793 vaiebit,ubi
1453 2732 1568 2786 tantum
1583 2730 1675 2788 valuit
1689 2733 1795 2804 aliena,

95 2822 202 2877 ιιειιει
226 2834 309 2892 quem
329 2819 408 2875 misit
430 2819 478 2875 illc
503 2819 593 2892 (loco.
610 2835 648 2887 vr,
663 2818 719 2887 29).
736 2819 817 2886 Quod
842 2835 917 2890 opus
970 2818 1003 2869 ut
1018 2817 1097 2869 totus
1111 2813 1199 2871 homo
1215 2820 1342 2887 repente,
1358 2818 1435 2874 28⁰
1450 2817 1504 2874 boc
1520 2822 1564 2875 est
1579 2819 1702 2879 interius
1717 2827 1795 2880 exte·

94 2910 227 2981 operetur
242 2905 294 2979 qui
312 2905 344 2961 in
365 2922 434 2961 eum
457 2906 560 2975 eredit,
571 2905 641 2978 quie
656 2907 732 2964 m
747 2906 836 2962 etiem
852 2906 917 2979 ipsu
969 2903 1160 2974 riusquejam
1170 2902 1300 2960 salvatus
1310 2910 1488 2978 exsurgeret,
1498 2906 1795 2982 aliorumquemerito

93 2992 248 3053 credulitas
261 3010 331 3051 veru
344 2993 418 3050 tides
433 2998 488 3060 cst,
501 3011 565 3067 que
580 2992 832 3067 perdilectionem
848 2975 952 3066 ope-d
970 2990 1019 3047 alii
1035 2990 1436 3067 laxarenturorrntc.Undoet
1446 2994 1793 3071 pluroinscepecomme·

95 3090 178 3152 retur,
195 3084 344 3141 credendo
358 3082 389 3138 in
404 3082 488 3140 illum
511 3083 561 3157 qui
577 3083 722 3156 justificat
737 3083 872 3156 impium,
889 3088 918 3140 et
972 3079 1092 3135 uroratis
1107 3079 1215 3137 libellis
1227 3085 1329 3138 contra
1343 3083 1551 3140 obtrectatores
1566 3091 1681 3143 nostros
1697 3105 1793 3145 exem·

95 3175 173 3246 cujus
183 3173 385 3246 omniaopern
395 3176 466 3229 sunt
481 3172 510 3229 in
523 3173 590 3242 fide,
603 3172 666 3229 sine
676 3189 735 3245 qua
745 3172 868 3246 quisque
879 3173 916 3228 nd
971 3168 1019 3242 plo
1034 3169 1199 3240 posuimus,
1215 3187 1279 3243 qum
1290 3170 1337 3226 hic
1347 3188 1502 3244 congeram
1518 3191 1596 3229 nune
1611 3176 1794 3248 superfluum

95 3261 278 3336 bsptismatis
293 3266 510 3318 sacramentum
525 3261 647 3328 accedit,
667 3262 854 3334 baptismatis
870 3279 916 3318 sa·
971 3259 1118 3316 ducimus.
1135 3258 1298 3316 Praesortim
1313 3276 1380 3316 cum
1402 3259 1452 3316 ille
1472 3262 1641 3336 quicunque
1656 3263 1794 3338 dignatus

96 3356 239 3408 cremento
254 3351 387 3408 renovari
402 3368 460 3408 non
476 3349 774 3422 valet,quiaSpiritus
785 3355 915 3420 sanetus,
970 3348 1057 3404 luerit
1071 3349 1176 3422 legere,
1188 3349 1309 3406 collecta
1324 3351 1409 3423 quasi
1424 3350 1454 3407 in
1470 3352 1618 3409 fasciculis
1630 3354 1685 3410 sub
1698 3354 1796 3413 celeri·

97 3456 146 3512 quo
156 3441 186 3496 iu
198 3439 278 3497 tilios
289 3439 465 3512 adoptamur
476 3437 648 3511 discipline,
661 3437 763 3510 elingit
774 3439 917 3506 detumet
970 3440 1029 3492 tute
1045 3441 1073 3492 et
1087 3437 1151 3493 sine
1165 3436 1265 3510 ulique
1279 3437 1451 3495 dillicultnie
1465 3438 1572 3496 valebit
1587 3458 1795 3515 cognoscere.»

98 3530 183 3587 mlert
196 3546 230 3586 se
245 3547 263 3586 a
278 3527 506 3601 cogitationibus
516 3544 580 3600 quie
593 3531 664 3583 sunt
677 3526 740 3583 sine
755 3527 914 3596 intellectu,
1272 3553 1388 3610 fflpgq
1407 3553 1486 3609 xxx·

98 3616 169 3676 llfl‘l‘l
183 3623 309 3676 mmm
323 3617 496 3673 Afflbfflsslus
511 3617 541 3672 5¹¹
554 3615 732 3690 EPlSlOlstad
743 3616 861 3673 Galatas
876 3617 917 3672 dl·
971 3640 1054 3701 Quod,
1074 3644 1186 3707 exceptis
1209 3643 1248 3691 liic
1271 3642 1370 3691 ductus
1393 3644 1470 3708 qrtusr'
1495 3642 1625 3708 syllabicie
1651 3647 1794 3708 crateritis,

100 3706 131 3762 cit
140 3723 163 3763 :e
175 3707 251 3774 Oula
261 3707 327 3764 sine
337 3705 441 3779 spiritu
452 3722 511 3762 uon
521 3710 583 3762 erut
598 3704 717 3778 plenum
728 3723 835 3762 nomen
846 3706 916 3763 filio·
1000 3712 1068 3761 nibil
1089 3714 1117 3762 in
1139 3712 1186 3762 lvcc
1208 3714 1319 3778 copulato
1340 3716 1482 3778 posuimus,
1504 3716 1555 3764 nisi
1579 3729 1648 3781 quon
1670 3731 1702 3767 ec
1725 3716 1794 3769 denti

101 3808 165 3850 rum
177 3816 193 3846 ιι
202 3795 239 3852 st
253 3794 327 3852 itcrn
342 3793 419 3850 idem
435 3794 465 3850 in
478 3794 553 3851 libro
569 3794 603 3850 dc
619 3795 816 3852 sacrementis
831 3813 838 3851 :
851 3820 865 3847 «
883 3796 915 3853 ln
1000 3782 1121 3847 P''⁰³l¹⁶²'²‘
1134 3784 1217 3834 ”ellit
1230 3785 1383 3850 excepimus.

102 3881 265 3957 baptismate
272 3883 397 3957 spiritus
406 3887 533 3939 mentem
542 3883 870 3956 renovat,equaproficit
878 3884 915 3940 ad
1005 3881 1089 3937 blodo
1104 3886 1202 3937 eutem
1218 3882 1264 3938 iris
1277 3883 1392 3943 duabus
1405 3885 1532 3958 exceptis
1547 3887 1793 3959 superadditioni-

101 3968 247 4041 lcvacrum,
259 3971 383 4044 sanguis
398 3976 511 4044 spectet
526 3973 560 4028 ad
577 3970 713 4044 pretium.
730 3970 810 4027 Sacri
825 3972 915 4029 sontis
969 3970 1035 4038 bus,
1052 3970 1210 4043 dequibus
1230 3971 1373 4029 rationem
1395 3974 1589 4042 reddidimus,
1601 3975 1751 4032 videnmus
1767 3977 1792 4033 si

102 4063 167 4119 enda
176 4078 233 4119 nos
241 4061 348 4131 abluit,
357 4060 479 4134 sanguis
489 4060 605 4117 Domini
622 4077 675 4117 nos
687 4060 813 4128 redimit,
827 4060 916 4134 Spiri-
968 4063 1135 4116 transverso
1149 4077 1257 4134 ungue,
1275 4065 1307 4117 ut
1322 4061 1438 4130 dicitur,
1452 4079 1469 4118 a
1484 4063 1620 4121 sensibus
1634 4064 1712 4120 beuti
1728 4064 1794 4122 Pro·

101 4152 139 4205 tus
151 4167 205 4208 nos
220 4166 274 4224 per
287 4148 474 4221 adoptionem
491 4147 567 4206 sslios
578 4147 630 4206 Dei
645 4148 742 4204 iacit.»
755 4148 796 4206 De
811 4167 868 4222 qun
884 4150 914 4206 in
968 4148 1045 4222 speri
1071 4148 1100 4204 in
1125 4148 1319 4221 descriptione
1333 4149 1430 4223 quarti
1455 4149 1575 4224 capituli
1600 4151 1791 4210 deviavimus.

101 4235 210 4297 homilia
223 4235 374 4312 Evangelii
393 4237 438 4306 30,
451 4237 490 4294 sit
510 4241 630 4293 sanctus
649 4236 719 4293 dicit
733 4237 889 4312 Gregorius
904 4257 912 4297 :
969 4237 1092 4311 Prosper
1111 4237 1224 4294 ectione
1239 4240 1256 4294 8
1274 4239 1498 4313 (responsione)
1513 4243 1614 4297 contra
1634 4239 1732 4299 Gallos
1747 4241 1792 4297 di·

102 4348 111 4375 ι
126 4327 185 4400 lpse
199 4343 330 4400 nemque
348 4326 476 4399 Spiritus
494 4330 614 4382 sanctus
628 4342 711 4383 amor
725 4331 778 4383 cst.
790 4327 872 4384 Unde
887 4333 916 4385 et
928 4345 954 4412 ρ
968 4327 1008 4384 cit
1024 4345 1056 4384 :v
1070 4327 1174 4384 Nullus
1190 4328 1310 4384 omuino
1323 4331 1368 4384 est
1389 4345 1424 4383 ex
1448 4327 1585 4385 omnibus
1609 4328 1791 4400 bominibus,

101 4414 215 4474 loannes
230 4414 305 4473 dicit
321 4430 329 4470 ι
344 4416 415 4472 lictu
438 4415 557 4472 clvcritccs
576 4423 616 4472 est
629 4415 653 4488 (l
664 4416 742 4473 loon.
754 4434 792 4484 iv,
804 4417 841 4489 8).
858 4419 913 4484 Qui
968 4417 1053 4489 cujus
1064 4415 1208 4472 naturaie
1219 4415 1465 4473 ChristoDornino
1476 4420 1575 4474 nostro
1586 4421 1792 4492 susceptauou

101 4519 157 4578 crgo
170 4510 270 4563 mente
293 4507 408 4578 integra
421 4504 514 4561 Deum
529 4505 684 4575 desiderat,
700 4505 828 4578 protecto
848 4508 913 4579 jam
967 4505 1064 4562 suerit.
1077 4527 1091 4555 ιι
1103 4506 1138 4560 lit
1153 4505 1222 4560 item
1238 4504 1361 4577 Prosper
1375 4509 1476 4562 contra
1490 4504 1608 4564 Gallos:
1623 4528 1638 4559 ιι
1649 4508 1721 4564 Cum
1737 4508 1792 4565 ita·

102 4589 174 4651 tebet
197 4610 289 4668 quem
311 4597 401 4650 amat.
418 4593 517 4667 Neque
541 4594 619 4650 enim
633 4594 789 4666 quisquam
815 4600 915 4668 posset
967 4611 1023 4667 que
1034 4593 1197 4650 rectissime
1207 4593 1461 4651 dieatanelvator
1469 4612 1521 4668 pro
1532 4597 1794 4655 totiusmundere-

102 4678 178 4740 ιειιιιι
192 4683 327 4758 diligere,
343 4683 369 4740 si
384 4699 452 4739 eum
467 4699 554 4755 quem
570 4681 666 4755 diligit
681 4700 738 4739 non
755 4683 851 4740 habet.
863 4707 877 4734 ιι
967 4683 1134 4755 demptione
1144 4681 1310 4752 crucifixus,
1322 4688 1547 4757 propterverem
1562 4685 1698 4742 humane
1711 4691 1793 4743 natu·

128 4771 193 4830 llcce
203 4772 353 4846 quomodo
364 4771 452 4827 etiam
466 4771 495 4826 in
508 4771 683 4845 baptismate
694 4776 754 4828 tam
770 4773 800 4828 in
815 4773 913 4846 parvis
966 4787 1004 4825 re
1019 4770 1246 4843 susceptionem,
1263 4776 1291 4826 et
1309 4776 1428 4844 propter
1446 4789 1635 4831 communem
1650 4775 1680 4831 in
1697 4776 1791 4848 primo

103 4874 175 4931 quum
190 4861 223 4919 iu
232 4860 351 4935 magnis
364 4859 425 4933 agit
434 4861 506 4916 lidos
517 4877 582 4932 que
592 4877 644 4933 per
654 4860 837 4919 dilectionem
848 4879 912 4936 ope·
967 4860 1085 4917 bomine
1100 4861 1233 4917 omnium
1254 4860 1459 4934 perditionem.
1473 4885 1487 4914 ιι
1502 4863 1653 4921 utcontra
1667 4863 1790 4919 Vincen-

104 4950 396 5019 retur,sicutsauctus
410 4948 592 5022 Augustinus
602 4950 632 5006 in
642 4949 717 5008 libro
727 4955 832 5024 quorto
842 4969 910 5008 con·
965 4948 1061 5005 tianos
1078 4949 1158 5022 (resp.
1173 4950 1198 5022 1)
1211 4966 1217 5005 :
1231 4973 1245 5000 «
1260 4950 1295 5005 Et
1309 4954 1407 5005 tamen
1422 4967 1480 5006 non
1501 4967 1604 5007 omnes
1624 4950 1758 5007 homines
1773 4966 1791 5006 a

103 5037 137 5092 tra
146 5039 298 5096 lulianum
309 5037 381 5096 dicit
392 5055 417 5094 t«
430 5039 485 5094 Sed
502 5039 576 5095 forte
591 5039 664 5097 dicis
677 5057 683 5096 :
696 5041 769 5113 Ergo
783 5041 910 5098 inientes
965 5039 1131 5113 captivitate
1146 5044 1215 5095 sunt
1229 5039 1332 5095 eruti.»
1345 5040 1380 5096 lit
1396 5057 1449 5096 uos
1469 5041 1642 5113 scripsimus
1655 5056 1661 5094 :
1672 5040 1713 5095 lto
1726 5038 1789 5094 ccl·

104 5126 141 5195 qui
154 5145 210 5185 uon
223 5126 413 5196 credunt,vel
428 5126 504 5183 sieut
518 5132 549 5184 tu
565 5129 701 5202 posuisti,
713 5130 764 5203 qui
784 5147 841 5186 nou
857 5130 909 5185 ha·
965 5131 1008 5185 lue
1022 5136 1061 5186 cst
1076 5129 1155 5186 tomo
1166 5146 1216 5200 pro
1232 5146 1283 5203 quo
1296 5147 1394 5202 pessos
1409 5147 1464 5186 ιιοιι
1476 5131 1571 5202 sceret,
1587 5129 1649 5184 licet
1661 5143 1715 5183 non
1731 5144 1789 5185 cm-

104 5209 157 5271 beut
166 5233 232 5274 eam
240 5217 332 5273 fidem
345 5233 409 5289 que
424 5233 476 5289 per
490 5217 674 5275 dilectionem
688 5224 835 5293 oporatur,
851 5236 910 5276 non
963 5236 1011 5276 nce
1023 5221 1164 5292 passionis
1175 5221 1234 5294 ejus
1245 5220 1374 5292 mysterio
1383 5219 1563 5276 redimentur.
1575 5219 1611 5275 nt
1621 5218 1745 5292 Prosper
1759 5218 1789 5275 iu

103 5310 280 5362 nosscuntur
294 5305 326 5363 in
340 5304 467 5376 Christo,
478 5323 573 5380 neque
587 5324 639 5380 per
654 5308 741 5365 iidem
757 5307 909 5383 sanguinis
964 5307 1205 5384 recapitulatione
1220 5311 1247 5379 9,
1267 5314 1369 5365 contra
1383 5308 1481 5365 Gallos
1495 5310 1639 5377 (senentio
1652 5307 1680 5382 P)
1693 5325 1719 5364 2«
1735 5307 1790 5379 Qut

43 5420 46 5487 ρ
104 5387 191 5454 tcnsti
205 5394 237 5453 in
253 5393 431 5472 baptismate
450 5399 625 5456 renovantur
643 5396 673 5454 in
686 5397 811 5469 Christo,
822 5401 909 5475 atque
964 5398 1034 5457 dicit
1046 5400 1123 5476 quod
1135 5417 1193 5457 non
1205 5417 1257 5476 pro
1268 5399 1359 5456 totius
1370 5399 1471 5455 mundi
1484 5397 1684 5476 redemptione
1694 5400 1792 5463 Salve·
