3824 6096
27 252 167 343 'aas

574 281 767 341 tttNCtttttt
791 278 1014 340 altaaltasts
1035 277 1345 340 tucataetscoet.

1760 272 1826 335 iffi

109 412 275 486 operatione
305 412 505 484 glorificanda.
531 415 660 479 Quorum
689 413 767 469 enim
794 430 854 469 una
885 406 1831 483 na-Aaeensortiolideiium3noaliisnocerevaleatquisibi·

110 508 175 561 tura
197 506 251 572 est,
268 502 372 557 horum
389 508 416 557 et
430 502 565 557 veluntas
589 507 618 557 ct
641 503 769 573 operatio
798 519 857 556 una
880 506 933 569 est,

110 591 186 646 sicut
212 591 380 646 nosdoeuit
405 591 451 645 lloi
479 591 573 646 cultor
591 589 745 646 Basilius»
763 595 790 646 et
818 591 847 645 in
879 591 935 644 fine

110 679 204 751 ipsius
220 679 306 734 edicti
326 697 359 734 :a
377 680 468 746 Urius,
485 679 592 751 inquit,
610 680 762 747 Dominus,
778 697 836 733 uria
851 679 934 743 sides,

110 785 203 824 uuum
220 768 376 841 baptisma,
390 787 448 824 uua
464 769 492 823 in
508 770 566 824 Dee
583 786 660 824 nunu
683 774 727 824 est
751 766 888 823 Ecclesia.
906 766 934 822 Si

111 858 177 932 quis
192 857 283 931 igitur
296 858 402 914 Christi
417 863 530 914 amator
545 861 599 926 est,
611 860 639 914 ot
650 857 754 913 metuit
766 856 935 924 Dominum,

111 951 301 1021 optatamque
324 946 449 1002 salutem
465 947 622 1015 desiderat,
640 946 715 1002 lianc
740 946 827 1001 fidem
843 945 938 1000 ortho-

112 1036 217 1091 doxam
232 1036 402 1092 teneat.Nce
413 1035 491 1090 euim
506 1036 561 1091 erit
576 1052 626 1107 per
641 1035 728 1090 aliam
744 1035 831 1089 tidem
847 1033 938 1088 salva

62 1186 68 1192 ,
112 1125 207 1180 tusSi
221 1124 363 1197 quisvcro
374 1125 527 1180 lmrninum
540 1125 658 1196 (paridem
669 1124 801 1196 personis
812 1123 937 1193 gratiam

112 1214 238 1282 exhibet,
250 1214 402 1270 eharitatis
421 1219 517 1270 avrtcm
534 1214 562 1268 iu
585 1214 676 1268 Deum
693 1212 891 1268 anitrlatorom
907 1226 938 1266 se

113 1321 170 1359 non
186 1303 378 1372 demonstrat,
394 1307 626 1375 praesentemque
640 1302 718 1374 piam
732 1305 862 1357 nostram
873 1317 939 1356 cun·

113 1392 297 1448 stitutionem
313 1411 369 1447 iren
392 1391 503 1465 recipit,
516 1392 539 1446 si
566 1392 685 1463 quidem
704 1391 859 1464 episcopus
882 1393 927 1445 cst

112 1481 156 1538 vel
167 1480 303 1550 clericus,
317 1485 367 1536 aut
377 1481 548 1536 morrachieo
559 1481 760 1537 circumdatus
769 1484 814 1535 est
825 1479 937 1547 habitu,

991 501 1130 572 prodesse
1144 517 1200 555 non
1212 499 1298 568 volet,
1310 501 1373 555 sinc
1387 500 1592 556 retractatione
1601 500 1677 556 male
1691 499 1824 573 pertina-

991 589 1064 645 citer
1079 589 1210 644 sentiens
1221 590 1306 644 debet
1320 589 1441 658 retrudi,
1453 593 1482 644 et
1496 588 1524 644 in
1541 589 1605 662 ipsa
1616 586 1708 646 exsilii
1718 586 1822 646 valve*

990 677 1132 733 trusionis
1144 677 1311 750 alligatione
1325 681 1466 750 perpetua
1481 694 1662 750 permanere,
1675 676 1824 735 nisi‘lorte

991 773 1047 823 Deo
1058 767 1231 839 respiciente
1245 766 1399 839 resipiscat
1409 783 1426 822 a
1436 766 1543 822 diaboli
1559 766 1662 840 laqueo
1673 783 1761 840 a‘quo
1772 780 1822 822 ea*

992 859 1196 928 ptustenetur,
1211 856 1246 912 ad
1262 855 1355 928 ipsius
1366 854 1633 912 misericordissimi
1648 860 1677 912 et
1687 854 1830 928 omnipo·

991 944 1150 1001 tortissimi
1171 945 1286 1001 Domini
1301 944 1493 1013 voluntatem,
1506 945 1582 1002 sicut
1597 961 1631 1001 ex
1645 945 1833 1001 auctoritate·

992 1033 1121 1107 epistolae
1136 1033 1235 1106 magni
1253 1051 1333 1106 papa
1349 1034 1455 1090 Leonis
1468 1034 1505 1089 ad
1521 1032 1704 1089 Pulcheriam
1718 1035 1822 1106 Augu-

993 1127 1068 1178 stam
1085 1126 1173 1194 (epist.
1186 1125 1231 1191 tr)
1250 1122 1445 1195 percepimus,
1460 1121 1489 1177 in
1506 1139 1564 1195 qua
1588 1121 1731 1195 scriptum
1749 1124 1796 1177 est
1814 1138 1822 1176 z

993 1235 1007 1261 «
1020 1212 1059 1267 De
1075 1211 1214 1284 Eutyche,
1230 1211 1335 1284 inquit,
1355 1212 1444 1266 totius
1460 1209 1589 1267 scandali
1612 1215 1642 1267 et
1665 1209 1831 1283 pravitatis*

993 1304 1111 1356 auctore
1121 1300 1175 1356 hoe
1186 1300 1341 1356 clementia
1350 1304 1446 1356 restra
1455 1299 1654 1372 precipiebat
1664 1299 1701 1356 ab
1712 1316 1746 1356 co
1757 1298 1834 1356 loco¹

993 1389 1042 1462 qui
1054 1388 1381 1462 Constantinopolitanae
1395 1388 1461 1445 urbi
1477 1388 1566 1445 nimis
1580 1389 1693 1445 vicinus
1704 1392 1750 1446 est
1762 1387 1825 1446 lon·

994 1478 1060 1551 gius
1069 1479 1273 1548 transferatur,
1281 1495 1316 1534 ne
1328 1478 1574 1551 frequentioribus
1582 1477 1822 1548 solatilseorum,

112 1569 305 1642 depositionis
320 1587 435 1643 paenam
447 1571 590 1642 persolvet
602 1588 608 1626 ε
621 1571 644 1626 si
656 1586 723 1626 vcro
739 1570 768 1624 in
783 1569 884 1625 ordine
895 1568 939 1623 di·
995 1584 1068 1641 quos
1079 1569 1114 1624 ad
1125 1567 1305 1640 impietatem
1314 1585 1398 1624 suam
1410 1567 1628 1636 traxit,utatur;
1640 1567 1834 1626 monasteria

113 1658 260 1732 gnitatum
271 1658 400 1714 insertus
412 1663 465 1725 est,
478 1659 623 1732 supplicio
634 1658 856 1731 proscriptionis
868 1656 940 1713 mul·
995 1673 1111 1730 quoque
1126 1655 1230 1729 ipsius,
1243 1656 1289 1711 cui
1303 1656 1463 1729 perniciose
1477 1656 1655 1730 indigneque
1669 1655 1822 1730 presedit,

114 1751 219 1814 otetur,
232 1747 317 1820 eique
333 1748 484 1820 cingulum
495 1749 661 1804 adimatur:
676 1749 722 1804 sin
738 1751 835 1803 autem
846 1747 941 1802 idioti·
981 1745 1171 1826 'catholicum
1189 1745 1323 1802 abbatem
1335 1746 1438 1817 jubete
1452 1747 1591 1818 praeponi,
1603 1746 1652 1820 qai
1668 1744 1753 1802 illam
1764 1763 1825 1804 scr·-

114 1853 152 1892 cae
170 1836 259 1892 sortis
274 1841 328 1904 est,
342 1854 375 1891 ex
397 1854 429 1892 ae
444 1837 524 1909 regia
539 1837 678 1910 omnique
693 1837 810 1910 penitus
825 1837 941 1893 civitate
994 1851 1096 1891 vorum
1125 1835 1175 1892 Dei
1204 1835 1469 1908 congregationem,
1485 1840 1514 1892 et
1533 1853 1549 1891 a
1570 1851 1658 1908 prava
1683 1835 1836 1909 dogmate·

114 1926 219 1982 exteris
235 1926 399 1992 addicatur,
412 1931 439 1982 et
455 1942 543 1999 super
557 1926 618 1981 haee
633 1926 733 1981 omnia
747 1925 886 1981 terribilis
901 1927 941 1981 at·
994 1923 1128 1994 liberare,
1143 1930 1172 1980 et
1194 1923 1339 1999 institutis
1367 1922 1496 1980 veritatis
1526 1924 1618 1997 possit
1645 1923 1836 1982 imbuere.»-

115 2032 173 2087 que
186 2015 372 2087 inexpiabilis
383 2015 488 2087 judieii
505 2032 562 2070 nen
579 2015 698 2088 effugiet
712 2015 885 2070 cruciatum.
901 2037 915 2064 a
995 2013 1068 2079 Ouia
1080 2029 1147 2069 vero
1164 2013 1199 2069 de
1213 2013 1384 2085 hujusmodi
1399 2017 1539 2086 tanquam
1556 2014 1591 2070 de
1605 2012 1705 2070 dubiis
1719 2013 1824 2088 dispu-

149 2105 330 2176 Quapropter
343 2104 390 2160 his
404 2121 467 2176 que
483 2103 703 2174 Gothescalous,
721 2102 795 2159 alter
807 2102 941 2159 videlieet
994 2107 1056 2158 tare
1066 2120 1123 2158 nou
1136 2102 1306 2167 debeamus,
1316 2101 1393 2158 idem
1406 2103 1462 2159 Leo
1473 2103 1508 2158 ad
1519 2103 1697 2159 Maelianum
1707 2104 1825 2177 Augus

116 2210 168 2266 pro
184 2191 302 2249 modulo
318 2210 372 2249 suo
387 2194 487 2249 Simon
503 2209 618 2266 magus,
632 2192 662 2247 in
679 2193 796 2265 scriptis
812 2192 874 2248 suis
887 2193 941 2247 lre-
995 2196 1058 2248 tum
1075 2193 1163 2263 (epist.
1175 2191 1219 2263 45)
1232 2209 1239 2248 :
1252 2214 1266 2242 ι(
1282 2191 1335 2247 Per
1363 2191 1473 2264 ipsum,
1491 2190 1639 2267 inquiens,
1658 2191 1823 2249 Dominum

116 2286 239 2354 quonter
253 2283 353 2355 posuit
373 2282 479 2355 spiritu
496 2283 605 2338 furioso
625 2281 798 2354 exagitatus,
814 2280 939 2337 exaltato
994 2280 1236 2336 nostrumlesum
1246 2279 1551 2354 Christum,quiregni
1563 2281 1649 2338 vestri
1661 2283 1706 2338 est
1716 2285 1836 2339 auctor

115 2372 211 2438 corde,
228 2374 255 2426 et
270 2370 353 2426 elatis
365 2371 468 2437 oculis,
480 2388 510 2426 se
527 2370 705 2426 mendaciter
719 2369 894 2442 promittens
908 2369 938 2429 in
994 2373 1023 2425 ot
1037 2375 1139 2438 rector,
1151 2369 1281 2426 obtestor
1295 2372 1323 2425 et
1344 2369 1464 2426 obsecro
1479 2369 1663 2426 clementiam
1678 2375 1823 2440 vostram,

115 2458 301 2515 mirabilibus
317 2477 405 2531 super
415 2477 445 2516 so
456 2459 686 2527 ambulaturum,
699 2460 823 2532 petendo
840 2463 871 2514 ut
882 2458 937 2514 sibi
993 2458 1065 2514 utin
1081 2459 1215 2531 praesenti
1227 2460 1336 2532 synodo
1352 2460 1451 2530 fidem,
1463 2475 1551 2531 quam
1564 2458 1639 2516 beati
1655 2459 1757 2516 Patres
1764 2476 1822 2517 no-

114 2547 170 2603 tria
185 2547 262 2602 dolia
276 2554 423 2620 parentur,
439 2566 532 2603 unani
548 2548 677 2605 vicelicet
691 2549 802 2604 dolium
818 2547 938 2620 plenum
993 2548 1044 2603 stri
1061 2548 1097 2603 ab
1113 2547 1253 2619 apostolis
1268 2547 1324 2603 sibi
1350 2547 1488 2605 traditam
1504 2546 1742 2622 predicaverunt,
1760 2567 1822 2606 nou

114 2636 233 2691 ferventi
251 2637 345 2708 adipe,
357 2640 386 2692 ct
402 2636 480 2692 aliud
497 2637 617 2709 plenam
633 2637 751 2693 ferventi
766 2637 828 2693 oleo
841 2641 869 2692 ot
883 2642 938 2692 ter·
994 2635 1147 2709 patiamini
1159 2637 1242 2709 quasi
1254 2636 1373 2692 dubiam
1389 2638 1552 2706 retraetari,
1565 2641 1667 2711 etque
1678 2637 1749 2694 olim
1760 2655 1823 2695 ma·

114 2723 941 2798 tiumpleuumbullientipice‚eteumvicissiminunum·
990 2727 1090 2798 j0rum
1119 2730 1188 2782 sunt
1216 2725 1388 2782 auctoritate
1411 2727 1560 2795 damnata,
1578 2726 1713 2783 redivivis
1739 2742 1835 2784 nune·

115 2814 251 2886 quodque
267 2814 378 2870 dolium
396 2832 490 2887 usquc
514 2816 548 2870 ad
574 2815 683 2871 collum
703 2816 817 2871 intrans
832 2815 867 2870 de
882 2814 940 2871 illis
995 2832 1053 2871 non
1072 2815 1247 2887 permittatis
1263 2815 1417 2872 conatibus
1431 2815 1550 2871 excitari
1573 2815 1705 2888 illudque
1720 2817 1824 2889 potius

114 2903 210 2959 tribus
222 2902 309 2959 doliis
319 2903 428 2960 illesas
439 2904 550 2973 exierit,
558 2904 887 2961 credaturabomnibus
897 2922 941 2960 as·
990 2904 1130 2976 jubeatis,
1142 2909 1174 2960 ut
1189 2904 1311 2976 antiqua
1332 2904 1453 2960 Nioaenae
1477 2904 1579 2978 synodi
1594 2905 1767 2976 constituta,
1780 2920 1826 2962 res

114 2992 203 3048 sertio
219 2991 299 3048 illius
314 3009 378 3050 esse
395 2993 558 3060 verissima,
571 3010 629 3066 qua
640 2992 721 3062 dicit,
733 2998 837 3065 praeter
851 2994 939 3049 istam
995 2993 1285 3049 motahareticorum
1297 2992 1543 3065 interpretatione,
1558 2995 1824 3067 permaneant.»1it
1837 2994 1841 3033 ἱ

114 3079 327 3153 blasphemiam
343 3083 420 3154 quod
438 3083 530 3138 deitas
546 3083 588 3137 sic
602 3082 794 3154 personaliter
809 3082 847 3138 sit
861 3083 940 3138 trina
993 3081 1065 3138 item
1086 3083 1121 3138 ad
1150 3083 1272 3138 Leonem
1295 3083 1461 3155 Augustum
1478 3083 1549 3155 (Leo,
1566 3084 1643 3155 epist.
1660 3083 1706 3154 at)
1722 3082 1824 3141 dicit:

112 3174 146 3225 ut
161 3173 204 3225 est
218 3169 391 3226 naturaliter
405 3188 474 3238 uua,
491 3171 561 3242 quia
583 3171 659 3225 sicat
678 3171 755 3226 Deus
780 3170 887 3226 electos
902 3171 938 3226 ad
953 3159 975 3226 C
992 3193 1006 3219 «
1024 3170 1196 3239 Praenoseat,
1208 3170 1356 3244 iuquiens,
1369 3170 1462 3243 pietas
1476 3175 1529 3228 tua
1539 3170 1715 3227 venerabilis
1730 3170 1826 3246 impe-

114 3274 237 3329 regnum
253 3262 403 3325 aeternum,
421 3259 461 3313 ita
484 3259 622 3330 reprobos
643 3256 678 3313 ad
700 3259 848 3314 interitum
866 3275 938 3330 prae-
994 3258 1223 3331 rator,hosquos
1232 3258 1609 3332 spendeodirigcndos‚non
1618 3260 1653 3315 ad
1662 3258 1825 3333 confligen-

113 3344 270 3400 destinavit
293 3348 446 3413 aetornum,
463 3351 491 3400 et
506 3363 563 3401 rien
588 3346 651 3401 vult
674 3363 777 3402 ornnes
804 3346 938 3404 homines
993 3347 1144 3402 dameam
1167 3347 1302 3404 hostibus
1318 3347 1397 3415 fidei,
1410 3364 1462 3404 nec
1478 3365 1511 3405 ac
1531 3349 1704 3404 certandum
1719 3353 1840 3406 contre

112 3431 208 3487 salros
223 3432 297 3500 fieri,
313 3433 370 3488 nisi
397 3437 510 3488 tanttun
528 3451 577 3490 cos
593 3434 642 3506 qui
663 3434 821 3503 salvantur,
837 3439 865 3490 et
879 3453 936 3491 non

112 3525 157 3578 est
172 3537 278 3594 passus
295 3522 350 3578 nisi
371 3524 576 3578 tantummodo
596 3540 648 3596 pro
668 3521 778 3589 electis,
790 3527 818 3579 et
838 3523 937 3580 nullus

112 3610 147 3665 de
163 3609 198 3666 iis
213 3611 315 3683 periet,
326 3629 378 3684 pro
394 3611 501 3684 quibus
516 3612 601 3668 sersus
623 3615 667 3670 est
681 3612 803 3685 sanguis
818 3612 935 3682 Christi,

112 3715 196 3755 nemo
208 3699 304 3756 fidelis
313 3718 345 3755 ac
356 3701 473 3756 sobrius
482 3718 601 3756 sensnm
612 3703 696 3756 rirrbot
705 3703 935 3772 accommodare,

111 3789 271 3859 praesertim
286 3807 353 3844 curn
370 3789 513 3846 Dominus
534 3789 601 3845 hinc
615 3791 702 3846 verbo
717 3795 745 3844 ot
760 3791 890 3862 exemplo
906 3791 935 3846 in

111 3877 317 3948 congressione
328 3882 428 3933 contra
441 3878 601 3947 diabolum,
615 3878 719 3934 dixerit
731 3896 736 3934 :
748 3880 805 3934 Non
821 3880 936 3936 mittatis

109 3963 256 4019 Dominum
270 3968 354 4022 Derim
370 3974 447 4022 taum
462 3967 563 4036 (llutth.
581 3986 619 4036 iv,
635 3969 674 4041 7),
691 3968 741 4040 qui
758 3972 791 4023 ut
806 3969 935 4040 omnipo·

109 4056 174 4108 tons
195 4069 279 4126 agero
302 4059 415 4127 poterat
430 4057 507 4127 (pred
523 4056 658 4112 diabolus
683 4056 889 4129 postulaverat,
907 4061 935 4114 et

109 4140 164 4197 iste
179 4143 300 4215 implere
316 4161 373 4200 non
397 4145 490 4216 possit
506 4146 582 4217 quod
600 4145 671 4201 t'also
692 4150 720 4201 et
740 4147 934 4202 inverecunde

109 4232 263 4305 confingit3
276 4233 326 4289 sed
343 4232 500 4306 apostolice
512 4234 571 4288 zelo
583 4251 753 4302 succensus,
766 4240 868 4290 contra
879 4235 933 4290 hu·

103 4320 235 4392 jusmodi
253 4321 417 4378 mortitbras
440 4322 654 4394 suggestiones
670 4324 749 4379 velut
768 4324 933 4379 antidotum

108 4409 224 4466 salubre
249 4412 334 4467 debet
357 4413 442 4467 cordo
458 4416 486 4466 rt
508 4413 763 4484 orep1·et'orre:Si
786 4413 862 4484 aperie,
888 4413 932 4468 in-

107 4498 221 4569 quiens,
233 4498 317 4554 aliter
331 4500 570 4572 evangelizaverit
585 4506 690 4572 praeter
705 4502 733 4556 id
750 4502 827 4573 quod
843 4518 931 4557 evan·

106 4584 931 4663 gelizatumestasanctoSpirituperorasupradictorum

106 4674 259 4730 doctorum
275 4682 301 4730 ct
317 4681 485 4732 sanctorum
498 4679 702 4750 episcoporum
718 4680 747 4735 iu
763 4697 813 4735 sex
828 4681 930 4752 parala-

104 4762 143 4818 tis
154 4763 295 4829 conciliis,
304 4765 339 4819 de
351 4765 463 4821 raritate
474 4766 601 4835 deitatis
610 4786 673 4838 quar
684 4774 728 4824 est
741 4770 840 4824 unitas
850 4771 932 4824 triai-

104 4851 185 4922 tatis,
197 4852 270 4908 etde
282 4853 566 4926 orrrrrihuseapitulis
582 4857 617 4911 ad
634 4858 825 4913 orthodoxam
842 4860 929 4915 tidem

103 4940 269 5013 specialiter
279 4942 569 5014 pertinentibus,qna
581 4945 725 5003 catholiea
733 4951 760 5000 et
771 4947 930 5018 apostolica

102 5029 241 5103 predicat
256 5035 285 5085 et
299 5034 378 5086 tenet
391 5031 529 5099 Ecclesia,
546 5033 702 5088 anathema
722 5035 769 5090 sit.
781 5035 816 5089 ut
832 5037 867 5090 de
883 5036 928 5093 his

101 5118 929 5193 quaesecurrdumtramitemScripturaramtraditionem·

100 5224 157 5279 que
173 5210 318 5280 rrrajoram
335 5210 463 5265 dit'tinita
482 5215 560 5277 sant,
575 5216 676 5266 contra
692 5211 926 5284 Guthcscalcum,

99 5296 142 5351 vel
161 5304 263 5353 contra
278 5315 483 5370 quemcunque
499 5299 600 5366 aliam,
614 5299 643 5353 in
655 5316 860 5373 tpuauraunque
871 5303 928 5362 die.

99 5386 280 5455 putationem
310 5388 419 5444 intrare
449 5406 533 5444 nertio
557 5375 644 5443 debet
670 5406 857 5463 praesumere,
875 5394 925 5449 sed

99 5471 267 5543 damnatus,
284 5480 316 5532 ut
331 5477 432 5550 spuria
442 5475 614 5532 vitulamina
626 5476 655 5531 in
667 5477 730 5549 ipsa
740 5478 838 5534 radico
848 5497 926 5537 ama·

97 5557 248 5633 citudinis,
260 5566 338 5624 484
352 5566 396 5624 vel
411 5565 578 5638 exsilierat
594 5565 752 5642 ergastulo,
770 5574 924 5644 separatus

992 3434 1068 3505 illos,
1083 3452 1099 3491 a
1114 3437 1181 3491 sedo
1199 3436 1358 3509 apostolica
1370 3437 1550 3509 profecturos
1563 3455 1569 3491 :
1583 3436 1632 3509 qui
1643 3436 1679 3492 de
1696 3436 1787 3494 rebus
1797 3442 1827 3495 et

993 3526 1071 3597 apud
1088 3524 1214 3581 Nicaeam
1230 3528 1259 3580 et
1272 3527 1348 3597 apud
1359 3525 1585 3594 Chalcedonam,
1596 3524 1673 3581 sicut
1688 3524 1749 3582 Deo
1764 3524 1827 3600 pla·

992 3613 1063 3682 cuit,
1079 3614 1225 3684 diffinitis,
1243 3613 1358 3669 nullum
1382 3613 1456 3670 inire
1477 3615 1621 3671 audemus
1650 3618 1824 3684 tractatum,

992 3706 1133 3775 tanquam
1150 3702 1292 3758 dubiavel
1307 3702 1424 3758 infirma
1440 3702 1508 3770 sint,
1518 3720 1582 3776 quae
1598 3705 1682 3759 tanta
1697 3718 1751 3776 per
1760 3703 1824 3777 Spi-

991 3791 1080 3846 ritum
1097 3795 1230 3846 sanetum
1249 3791 1311 3845 fixit
1326 3791 1495 3847 auctoritas
1514 3790 1705 3848 instructioni
1721 3797 1822 3849 autem

991 3878 1178 3951 parvulorum
1194 3882 1373 3946 nostrorum,
1389 3880 1438 3952 qui
1455 3884 1522 3953 post
1543 3879 1627 3935 lactis
1647 3878 1822 3938 alimoniam

990 3968 1055 4023 cibo
1070 3968 1237 4024 desiderant
1261 3968 1397 4025 solidiore
1421 3967 1533 4035 satiari,
1550 3968 1707 4025 ministerii
1724 3969 1836 4026 nastri'

990 4057 1159 4129 praesidium
1175 4075 1232 4112 non
1249 4073 1402 4130 negamus,
1413 4060 1441 4112 ct
1456 4057 1532 4113 sicut
1548 4056 1745 4130 simpliciores
1761 4074 1820 4114 nau

989 4146 1167 4218 spernimus,
1184 4146 1224 4201 ita
1239 4164 1256 4202 a
1270 4145 1428 4202 rebellibus
1452 4145 1596 4203 haereticis
1621 4146 1818 4217 abstinemus,

989 4251 1134 4291 memores
1145 4234 1279 4307 precepti
1291 4233 1435 4290 Dominici
1445 4235 1569 4292 dicentis
1579 4250 1585 4288 :
1595 4235 1685 4291 Nolite
1693 4244 1820 4292 sancum

988 4324 1054 4380 dore
1067 4325 1290 4397 curreremque
1310 4325 1443 4382 sciveritis
1457 4325 1623 4394 rncrparitcs
1638 4333 1743 4381 vestras
1757 4333 1837 4383 ante‘

985 4429 1080 4484 porros
1096 4413 1197 4484 (llrrttt.
1214 4431 1264 4479 vu,
1280 4414 1318 4486 a).
1335 4413 1429 4469 Nimis
1453 4412 1561 4486 quippe
1585 4412 1754 4485 indignum,
1770 4414 1819 4470 nl*

947 4528 971 4595 D
988 4502 1103 4574 arisque
1118 4503 1263 4573 injustum
1283 4507 1337 4568 est,
1353 4519 1402 4558 ces
1427 4502 1462 4558 ad
1488 4502 1653 4558 libertatem
1669 4501 1816 4576 discepta-

987 4592 1076 4647 tionis
1092 4591 1219 4658 admitti,
1235 4608 1308 4663 quos
1325 4591 1471 4665 significat
1486 4591 1612 4663 Spiritus
1626 4596 1750 4648 sanetus
1765 4610 1819 4666 per

986 4681 1813 4753 Prophetamdicerrs‚Filiialieuimentr'tiraatmihiffsal,

984 4787 1053 4838 xva,
1065 4771 1120 4840 46).
1130 4770 1183 4836 Qui
1198 4771 1286 4825 etiam
1302 4769 1326 4824 si
1343 4768 1495 4843 Evangelia
1510 4787 1566 4825 noa
1584 4769 1766 4840 resisterent,
1779 4771 1815 4828 de

985 4859 1043 4914 illis
1055 4865 1151 4915 tamen
1164 4875 1195 4914 se
1206 4875 1270 4914 esso
1281 4862 1488 4926 monstrarent,
1501 4859 1536 4914 de
1547 4857 1656 4931 quibus
1666 4858 1814 4930 scriptum

983 4953 1027 5005 cst
1040 4966 1046 5003 :
1062 4954 1147 5005 Derim
1161 4965 1190 5004 se
1200 4949 1363 5020 profiteatur
1376 4949 1457 5015 scire,
1470 4949 1552 5019 sartis
1565 4955 1655 5002 iratam
1667 4956 1786 5020 crepunt.
1799 4968 1814 4997 a

982 5038 1102 5093 utitem
1119 5039 1155 5093 ad
1175 5038 1310 5093 canadam
1329 5038 1495 5110 Augustum
1515 5035 1586 5092 dicit
1601 5053 1608 5091 ε
1621 5058 1635 5085 «
1648 5036 1717 5101 Qua
1733 5040 1817 5108 pate·

984 5125 1145 5180 factasunt
1167 5140 1304 5196 quarere,
1317 5141 1380 5196 qua
1397 5124 1526 5197 perlecta
1547 5126 1617 5179 sunt
1640 5127 1812 5196 retractare,

983 5218 1011 5269 et
1033 5230 1097 5285 quae
1126 5217 1196 5269 sunt
1219 5213 1345 5269 diffinita
1369 5212 1539 5282 convellere,
1556 5210 1626 5284 quid
1655 5211 1736 5267 aliud
1767 5217 1815 5271 est

983 5320 1070 5376 quam
1087 5302 1122 5358 de
1138 5302 1251 5374 adeptis
1271 5301 1395 5374 gratiam
1412 5319 1469 5358 nen
1494 5301 1610 5369 reterre,
1622 5304 1651 5356 et
1665 5300 1700 5356 ad
1717 5298 1813 5358 iuter·

980 5392 1063 5448 dicta
1079 5391 1192 5448 arboris
1207 5392 1306 5447 cibum
1321 5391 1471 5465 improbos
1486 5390 1632 5464 appetitus
1649 5389 1812 5447 mortiferae

979 5480 1148 5554 cupiditatis
1164 5479 1336 5536 extendere?
1348 5502 1362 5530 a
1373 5481 1480 5536 Beatus
1496 5493 1613 5552 quoque
1631 5476 1812 5538 Ambrosius

977 5571 1008 5630 in
1024 5569 1098 5629 libro
1109 5569 1250 5646 primodo
1261 5568 1569 5641 FideadGratiauum,
1584 5568 1832 5646 imperatorem·
