3810 6098
561 374 613 433 Dll
634 374 827 436 cavannts
848 372 976 448 Vl'l'llS,
1000 372 1085 435 E'lC.
1612 368 1673 445 886

75 498 123 557 eri
130 499 244 572 judicio
256 502 367 557 astricti
378 505 514 558 tenentur
524 507 583 559 tam
594 504 646 559 riri
659 521 748 576 quam
758 504 796 560 tc·
809 506 837 572 Α
851 504 1012 560 sessionum
1022 504 1160 560 laudibus
1171 503 1327 570 intramus,
1335 507 1403 577 quia
1414 508 1453 564 ibi
1460 510 1524 580 jam
1536 513 1673 583 augustia

75 588 251 645 adulterium
263 594 473 662 perpetrantes,
488 591 625 663 italrujus
638 593 711 665 legis
720 593 798 666 judi·
852 612 909 647 uon
923 592 987 659 erit,
1003 610 1070 647 curn
1087 608 1140 647 rios
1155 592 1255 647 tenna
1278 598 1390 649 aterna
1414 596 1608 655 solemnitatis
1623 618 1672 657 as·

75 680 82 735 t
96 683 180 734 reatu
200 678 309 751 pariter
325 680 567 753 constringuntur
584 685 645 736 tam
659 681 712 737 viri
729 699 796 738 eum
851 681 1033 755 sumpserit:
1052 686 1272 754 propterquam
1287 682 1478 740 corrtessionis
1501 692 1605 743 nostra
1621 706 1671 745 au-

75 782 136 830 sus,
147 765 192 822 vel
206 783 274 822 cum
289 767 440 836 masculis,
453 786 503 824 seu
515 786 581 824 cum
593 770 719 839 sentinis,
732 788 798 825 ron·
850 769 978 843 gustiam
995 768 1108 825 Veritas
1128 769 1199 825 dicit
1210 788 1216 825 :
1228 771 1330 826 lntrutc
1342 788 1391 842 prr
1406 781 1550 841 «repostam
1567 785 1674 847 pertram

75 870 166 911 turam
179 853 391 928 turpitudinem
403 862 567 929 operantes,
580 876 668 930 quam
683 859 796 913 lamina
851 859 952 930 (llattlr.
969 876 1019 925 vu,
1039 860 1095 930 t3);
1111 862 1139 914 ct
1154 875 1220 913 cum
1238 876 1269 913 se
1289 858 1443 915 Psalmista
1462 862 1550 934 recipi
1566 862 1595 918 in
1613 863 1675 918 alti-

75 941 281 1009 emanasset
308 960 375 999 cum
392 944 458 1000 aliis
483 944 599 1002 leminis
623 963 798 1019 quacunque
851 946 954 1001 tudine
976 946 1076 1019 gaudii
1101 946 1199 1001 aeterni
1225 952 1424 1019 presumeret,
1439 948 1555 1004 dicebat
1580 966 1588 1007 ε
1612 950 1674 1006 Stu-

75 1020 187 1089 tltionis
203 1033 421 1088 machinatione
435 1035 568 1090 eamdem
583 1036 796 1107 turpitudinem
851 1037 930 1090 tuisti
959 1036 987 1090 in
1017 1036 1072 1091 trare
1098 1037 1215 1106 spetiem
1242 1035 1320 1109 {mles
1347 1052 1419 1092 aneas
1440 1037 1526 1106 (Psoi.
1549 1055 1614 1105 xxx,
1634 1038 1672 1109 9).

75 1119 191 1189 ‚testei
207 1136 274 1175 cum
297 1121 436 1178 masculis
452 1139 551 1178 secum
568 1124 680 1196 operari
697 1127 798 1179 contra
850 1124 956 1192 (dorni.
971 1122 1023 1179 lib.
1041 1141 1101 1189 vru,
1117 1142 1142 1178 c.
1158 1125 1231 1178 2l.«
1247 1124 1301 1190 Oui
1320 1124 1398 1179 enim
1425 1123 1504 1180 mala
1528 1142 1591 1198 quar
1608 1143 1675 1198 per·

75 1209 465 1277 m'eonsenticntes,dieeute
476 1210 613 1283 ripostolo
624 1229 630 1266 ε
640 1212 698 1267 rl'ou
709 1213 797 1266 seban
851 1212 975 1284 petravit
989 1211 1129 1279 insinuet,
1144 1213 1193 1268 sed
1211 1212 1278 1267 llere
1294 1230 1357 1284 quas
1373 1212 1534 1269 insinuavit
1548 1218 1674 1282 rccuset,

75 1299 227 1364 cinnama
254 1301 303 1369 qai
329 1302 502 1354 cernentium
528 1302 702 1373 protractibus,
719 1300 798 1372 digai
852 1300 1096 1372 qnasisubducta
1119 1304 1197 1355 veste
1222 1300 1460 1373 vulnusdetegit,
1478 1302 1528 1357 sed
1549 1304 1676 1377 torpenti

75 1394 135 1443 orte
150 1386 237 1455 (item.
250 1404 270 1455 t,
282 1388 337 1455 32).
351 1388 385 1443 lit
401 1388 424 1443 si
440 1389 507 1460 quis
525 1391 598 1445 t‘orte
617 1389 678 1445 hac
699 1389 798 1444 carnia
852 1394 947 1445 mente
962 1391 1209 1445 medicamentum
1221 1389 1333 1444 vulneri
1344 1406 1401 1444 non
1415 1390 1544 1463 apponit.
1556 1392 1675 1450 Contes-

75 1475 158 1541 ravit,
175 1480 217 1531 tot
242 1477 386 1532 mortibus
401 1482 430 1532 et
450 1478 553 1533 mortis
574 1483 686 1534 uterne
703 1478 797 1551 poeuis
852 1477 944 1533 sionis
968 1476 1059 1551 igitur
1073 1493 1172 1533 vocem
1199 1476 1280 1533 solus
1307 1493 1425 1533 neccsse
1446 1485 1492 1534 est
1516 1484 1547 1535 ut
1570 1497 1677 1538 moeror

75 1565 262 1632 nobnoxius,
275 1570 346 1635 quot
359 1565 533 1621 criminibus
543 1572 587 1622 est
597 1566 798 1639 pollutuslle·
851 1567 988 1632 excutiat,
1010 1583 1046 1621 na
1058 1564 1164 1620 vulnus
1188 1565 1336 1637 preditum
1356 1565 1407 1621 sed
1427 1564 1603 1638 neglectum,
1617 1574 1676 1641 quo

75 1650 186 1707 reniam
201 1652 402 1708 austeritatem
413 1652 486 1726 legis
497 1654 668 1726 temperarit
684 1653 795 1711 miscri-
851 1652 987 1710 licentius
998 1655 1061 1725 jam
1075 1654 1295 1726 perhumanum
1307 1652 1439 1709 notitiam
1453 1654 1592 1727 tangitur,
1600 1654 1677 1712 dete·

83 1738 299 1811 Redemptoris,
311 1741 360 1811 qui
378 1741 596 1798 conversionem
611 1746 640 1797 ct
654 1743 796 1814 poenitcn-
851 1743 914 1797 rius
924 1746 1152 1815 putrescatQuo
1165 1746 1265 1798 contra
1278 1741 1434 1797 Psalmista
1448 1741 1564 1815 plagam
1579 1742 1676 1799 cordis

75 1827 154 1901 tegis
166 1842 257 1900 quam
267 1833 392 1883 mortem
402 1827 465 1884 vult
478 1829 648 1902 peccatoris,
662 1834 752 1899 tanto,
765 1835 798 1887 ut
811 1871 836 1938 B
852 1848 908 1885 non
920 1831 1015 1887 salum
1028 1831 1183 1899 detexerat,
1193 1831 1244 1886 scd
1255 1830 1472 1886 detectaectiam
1483 1830 1677 1888 medicamen·

75 1912 179 1981 durus,
196 1933 213 1971 a
228 1932 259 1971 se
278 1914 367 1981 licita,
383 1916 509 1989 quisquc
525 1917 610 1973 debet
635 1918 796 1985 abscidere,
854 1923 915 1974 tnm
938 1920 1046 1975 mentis
1061 1919 1228 1983 adhibebat,
1248 1918 1348 1974 diceus
1365 1936 1372 1974 ε
1390 1919 1565 1992 iniquitatem
1587 1934 1677 1976 meum

75 2002 436 2061 raememinitetillicita
455 2010 656 2078 perpetrasse:
673 2011 701 2062 et
718 2010 797 2063 tanto
851 2025 899 2077 eqo
925 2009 1082 2080 prenrnrtio,
1108 2016 1135 2063 rt
1156 2006 1276 2079 cogitatu
1305 2024 1353 2079 pre
1379 2016 1487 2079 peccato
1514 2008 1674 2079 rneett’sal.

75 2086 329 2164 etreprehendere
351 2093 381 2148 in
407 2093 549 2163 minimis,
563 2101 672 2166 quante
688 2112 720 2152 sc
736 2112 796 2152 me·
851 2114 955 2165 arsvu,
973 2096 1028 2165 to).
1051 2096 1269 2151 Pronuntiando
1294 2094 1372 2150 cuim
1397 2095 1545 2151 occultum
1569 2093 1676 2152 vulnus

75 2174 232 2251 deliquisse
248 2180 278 2234 in
294 2179 441 2236 maximis.
852 2186 970 2257 detegit,
982 2185 1136 2256 cogitando
1149 2189 1247 2240 autem
1264 2183 1334 2256 quid
1351 2182 1430 2238 aliud
1446 2199 1536 2254 quam
1552 2185 1676 2240 medica·

86 2282 164 2339 sepe
174 2271 292 2322 accrrsat
304 2283 386 2324 mens
401 2269 466 2341 ipsa
480 2270 557 2342 quod
574 2276 731 2344 perpetrat,
745 2273 796 2328 sed
852 2277 983 2328 mentum
998 2272 1108 2328 retineri
1125 2271 1265 2345 apponit?
1276 2270 1331 2326 Sed
1349 2270 1462 2326 attiicta·
1479 2272 1569 2327 menti
1581 2276 1610 2327 et
1621 2268 1676 2328 sua

75 2354 306 2412 oeexdesiderio
317 2357 565 2425 minimcdeserit,
576 2361 722 2417 erubescit
732 2379 797 2417 con·
851 2361 975 2417 sollicite
991 2361 1099 2415 damna
1114 2360 1253 2433 cogitanti
1269 2359 1331 2415 rixa
1346 2377 1398 2432 pra
1412 2358 1571 2432 semetipsa
1584 2361 1677 2416 oritur

75 2444 136 2501 uod
149 2444 301 2500 faciteam
316 2462 382 2501 vero
399 2452 459 2504 tote
472 2447 584 2518 judicia
595 2449 692 2505 carnis
707 2450 797 2506 delec-
851 2454 952 2504 contra
966 2448 1165 2522 semetipsam.
1178 2449 1252 2504 Nam
1266 2464 1334 2505 cum
1349 2465 1380 2504 se
1393 2449 1428 2504 ad
1445 2447 1574 2505 lamento
1589 2447 1678 2522 poeni·

75 2548 110 2589 rm
126 2534 243 2606 premit,
260 2535 362 2590 audaci
380 2552 447 2591 voce
471 2536 501 2592 in
526 2538 722 2594 accusationis
737 2557 796 2595 suu

75 2636 154 2679 none
169 2638 201 2677 se
216 2621 311 2694 erigit.
322 2625 377 2679 Sed
390 2630 459 2679 sunt
469 2625 613 2691 nonnulli,
627 2626 676 2698 qui
688 2629 797 2700 apertis

75 2710 209 2783 sculpas
235 2714 370 2779 latentur,
383 2715 433 2768 sed
455 2718 553 2769 tamen
572 2715 599 2770 in
614 2716 797 2772 confessione

75 2814 86 2855 s
100 2799 245 2866 nesciunt,
257 2804 286 2854 et
300 2800 427 2873 lugenda
439 2804 599 2874 gaudentes
615 2804 727 2858 dicunt.
740 2805 795 2861 Sed

75 2884 139 2961 lpas
154 2904 224 2943 suas
248 2888 397 2944 detestans
413 2888 551 2962 loquitur,
564 2895 654 2947 restat
679 2908 796 2948 neccsse

75 2972 131 3031 hes
145 2975 175 3030 in
191 2976 388 3032 amaritudine
409 2978 512 3033 anime
537 2978 684 3052 loquatur,
698 2984 731 3036 ut
745 2996 797 3054 per

75 3078 120 3120 ιιι
140 3063 305 3120 amaritudo
330 3066 442 3137 puniat,
460 3067 603 3140 quidquid
629 3067 730 3141 lingua
745 3087 796 3142 per

75 3150 236 3225 *judicium
253 3159 381 3209 accusat.
397 3157 485 3223 (llorn.
500 3156 555 3223 31).
573 3156 607 3211 Et
623 3156 795 3230 plerumque

851 2539 947 2593 renate
963 2537 1093 2610 instigat,
1109 2537 1223 2592 occulta
1248 2554 1278 2593 se
1303 2537 1501 2608 increpatione
1516 2535 1647 2593 dilaniat.
1661 2560 1676 2587 υ

851 2628 902 2682 Cui
914 2645 931 2682 a
943 2627 1064 2682 Domino
1075 2626 1182 2682 dicitur
1195 2642 1201 2681 :
1216 2626 1401 2682 ilenrittantar
1414 2627 1443 2680 ci
1454 2634 1565 2697 peccota
1578 2626 1675 2690 malta,

851 2718 980 2788 quonium
1007 2716 1106 2770 triten
1133 2716 1253 2768 ‹intrltrnn
1281 2716 1356 2781 (Luc.
1373 2730 1423 2780 ιιι,
1445 2715 1499 2786 li).
1515 2714 1677 2783 (tameat

851 2829 864 2854 «ι
876 2808 915 2860 dc
930 2804 955 2859 si
968 2809 1066 2876 aperte
1077 2803 1241 2881 diceretur:
1256 2802 1388 2857 incendit
1400 2801 1486 2875 plene
1501 2803 1611 2874 peccati
1626 2818 1676 2858 ru·

851 2892 979 2964 biginem
995 2890 1044 2964 qui
1060 2891 1144 2945 ardet
1157 2888 1251 2945 aalide
1266 2890 1443 2962 peremeris
1458 2891 1567 2963 ignem.
1582 2890 1675 2947 Tanto

850 2996 978 3050 namque
992 2977 1120 3050 amplius
1135 2977 1247 3049 pcccati
1263 2976 1365 3049 rubigo
1380 2977 1674 3050 consumitur,quan-

850 3073 879 3124 to
896 3066 1055 3140 peccatoris
1070 3081 1247 3138 cermagna
1263 3066 1414 3121 eharitatis
1434 3065 1501 3138 igne
1516 3070 1672 3122 crematur.

850 3156 1074 3212 Consideremus
1090 3154 1179 3227 igitur
1199 3154 1323 3226 gratiam
1347 3152 1546 3209 misericordis
1568 3152 1629 3220 Dei,
1645 3158 1675 3210 et

75 3256 105 3297 ιι
119 3258 183 3314 qua
199 3243 312 3314 agenda
327 3248 405 3311 sunt,
420 3244 471 3299 sed
488 3243 548 3299 hec
564 3261 650 3317 opere
667 3263 723 3301 nen
740 3246 794 3302 im·
810 3237 831 3300 C
850 3246 1024 3300 damnemus
1035 3242 1255 3297 multitudinem
1268 3248 1367 3298 reatus
1379 3241 1481 3298 nostri.
1493 3241 1566 3297 Eece
1576 3257 1675 3315 pecca·

75 3346 86 3385 ι
103 3344 111 3387 2
127 3330 251 3385 nitimur
265 3335 294 3387 et
307 3331 512 3390 inilrmamur:
531 3334 638 3391 mentis
649 3334 795 3406 judicium

75 3416 176 3475 dinem
187 3420 341 3492 conspicit,
353 3421 403 3476 sed
415 3422 450 3476 ad
465 3422 539 3477 hanc
551 3424 647 3494 operis
659 3422 796 3479 tortitudo

75 3506 138 3564 ubit
153 3524 161 3564 ε
175 3509 246 3580 quia
269 3510 410 3565 nimirum
428 3512 492 3581 jum
517 3512 553 3565 de
576 3528 661 3584 poepa
685 3512 795 3584 pcccati

80 3597 214 3652 exclamo
227 3597 345 3669 quidem
361 3598 454 3671 possit
470 3600 579 3655 benum
592 3600 731 3673 conspici,
744 3600 794 3656 sed

80 3682 120 3763 ab
131 3700 166 3741 eo
177 3686 254 3758 quod
271 3687 414 3759 aspicitur
429 3688 579 3760 contingat
595 3706 646 3760 per
657 3688 794 3746 meritum

75 3817 79 3830 .
91 3772 202 3831 [lsitata
212 3776 320 3830 etenim
332 3776 417 3847 culpa
428 3776 539 3849 obligat
554 3781 692 3845 mentem,
705 3783 738 3834 ut
749 3795 796 3834 nc-

75 3874 119 3918 ιιι
134 3878 254 3934 surgere
270 3863 363 3935 possit
378 3865 414 3919 ad
438 3865 641 3922 rectitudinem
654 3884 661 3922 :
673 3871 796 3921 conatur

75 3954 131 4019 tur,
145 3949 214 4022 quia
230 3952 278 4006 ubi
295 3957 399 4024 sponte
412 3953 462 4008 diu
480 3954 617 4025 perstitit,
627 3953 666 4010 ibi
684 3960 794 4010 etcum

75 4036 96 4094 lt
109 4043 209 4095 coacta
223 4040 332 4096 cadit.»
345 4041 449 4113 (llorrrl.
467 4042 518 4098 lib.
532 4060 591 4108 vm,
604 4060 629 4097 c.
640 4044 697 4115 20.)
709 4067 722 4092 a
738 4044 795 4099 Sed

79 4126 123 4182 ori
136 4140 190 4183 suo
202 4146 258 4183 ιιι
271 4130 374 4201 parcit,
384 4129 453 4201 quia
464 4131 538 4184 iram
550 4131 660 4201 judicis
669 4131 795 4188 districti

75 4212 159 4283 tiens,
175 4216 271 4273 verbis
287 4222 389 4274 contra
411 4236 443 4274 sc
465 4219 587 4292 propria
602 4220 795 4277 consessionis

75 4302 144 4359 ilinc
162 4305 318 4361 Psalmista
334 4308 376 4363 ait
388 4324 394 4362 :
406 4309 611 4364 t’rtma’niumas
623 4310 723 4380 [eciem
735 4310 795 4381 ejas

75 4393 182 4449 batione
195 4396 282 4463 (Psoi,
298 4412 372 4464 xcrv,
384 4398 422 4466 2).
437 4396 509 4451 lliuc
534 4414 586 4469 per
609 4396 794 4453 Salomonem

851 3338 928 3389 tores
943 3332 1021 3388 ridet
1036 3336 1065 3387 et
1080 3331 1216 3396 sustinet,
1231 3331 1398 3387 resistentes
1414 3328 1517 3386 tolerat
1532 3335 1560 3386 et
1575 3335 1673 3386 tamen

850 3420 981 3493 quotidie
997 3437 1048 3493 per
1062 3418 1251 3492 Etraugclium
1267 3418 1429 3475 clenrentur
1442 3423 1526 3474 vocat
1541 3436 1548 3474 ε
1565 3419 1675 3475 conice·

850 3509 962 3566 sionem
977 3513 1107 3564 nostram
1123 3526 1158 3564 ea
1172 3526 1244 3581 puro
1256 3508 1342 3563 cordo
1359 3507 1516 3576 desiderat,
1530 3510 1559 3562 et
1569 3510 1675 3562 cuncta
1753 3540 1757 3547 ι

850 3616 914 3671 quar
925 3596 1104 3670 deliquimus
1116 3597 1234 3652 relaxat.
1243 3596 1296 3662 Qui
1310 3612 1378 3669 ergo
1394 3608 1565 3669 permanere
1580 3594 1675 3651 noluit

850 3688 959 3752 redeat,
975 3686 1026 3760 qui
1046 3692 1124 3741 stare
1139 3685 1315 3757 contempsit
1339 3682 1443 3739 saltem
1468 3686 1534 3756 post
1555 3681 1674 3756 lapsum

850 3781 952 3848 surgat
964 3775 1066 3848 (itit).
1083 3776 1197 3839 Quanto
1221 3791 1275 3829 nes
1294 3789 1392 3828 amore
1420 3770 1553 3827 conditor
1576 3774 1676 3826 noster

849 3868 996 3936 exspectet
1009 3863 1148 3929 insinuat,
1166 3878 1234 3917 cum
1258 3878 1310 3935 per
1325 3861 1499 3933 Prophetam
1514 3858 1588 3915 dixit
1604 3876 1612 3918 :
1627 3860 1674 3916 tlt-

849 3952 964 4008 tendiet
985 3949 1332 4023 recusassemque
1356 3951 1456 4005 danem
1478 3956 1519 4005 est
1542 3949 1673 4021 ιιιιιιιν,

849 4057 902 4095 ποι
915 4047 955 4095 rat
969 4041 1019 4111 qai
1041 4042 1167 4107 recogitet
1182 4040 1211 4094 in
1224 4039 1303 4095 rente
1324 4054 1373 4094 sne
1386 4046 1412 4094 ct
1425 4038 1498 4094 dicut
1510 4038 1577 4110 qnid
1599 4039 1654 4111 [eci
1661 4042 1676 4094 ι

849 4128 1111 4201 (reminescere
1120 4144 1272 4199 uunquam
1281 4127 1408 4200 cogitare
1415 4127 1672 4185 maludebuimus:

849 4218 900 4273 sed
917 4215 987 4288 quia
1000 4215 1128 4287 cogitare
1139 4222 1216 4270 recta
1231 4215 1391 4282 noluimus,
1404 4231 1471 4271 ecce
1480 4215 1577 4271 adbuc
1586 4215 1674 4271 susti·

850 4310 899 4361 net
909 4309 941 4359 ut
951 4304 1192 4376 recogiteruns‚et
1203 4303 1253 4376 qui
1270 4308 1424 4376 peccantes
1439 4318 1493 4358 nos
1504 4302 1554 4358 diu
1565 4307 1599 4358 ut
1607 4319 1675 4359 cou-

848 4399 997 4450 vertamur
1011 4396 1170 4464 exspectat,
1181 4408 1239 4447 aon
1253 4408 1407 4448 couversos
1422 4391 1526 4446 durius
1541 4391 1671 4446 damnet.

75 4480 172 4549 wilei
199 4483 337 4540 abacernlit
361 4486 464 4540 scelere
492 4502 542 4539 suu
565 4502 620 4540 aron
642 4486 793 4555 riiripctem
849 4483 1008 4538 Videamus
1022 4481 1112 4552 igitur
1127 4486 1213 4537 tantae
1226 4478 1675 4553 piatatissignum,etseverita·

75 4571 271 4641 manuferens
285 4574 408 4642 territet
429 4575 571 4646 reliquerit
586 4591 626 4635 ee.
642 4577 795 4630 vaiecra-or·
811 4601 833 4665 D
850 4572 888 4626 tis
900 4571 1067 4643 judicium:
1084 4571 1304 4625 consideremus
1318 4574 1451 4642 apertum
1466 4566 1553 4625 nobis
1563 4566 1675 4623 miseri·

75 4667 248 4730 wmeqartm
268 4659 359 4730 (Pron.
382 4679 479 4728 xxvur,
504 4663 557 4733 13).
575 4662 647 4718 lline
675 4681 793 4719 rursum
849 4661 954 4715 cordia
970 4659 1113 4733 gremium
1132 4675 1138 4712 :
1155 4674 1229 4730 quos
1253 4657 1329 4714 male
1349 4656 1509 4730 cogitantes
1534 4655 1673 4728 perdidit,

75 4760 111 4801 ιιι
135 4752 180 4802 ιιι
194 4764 201 4802 :
216 4748 308 4804 terras
324 4752 353 4803 in
372 4752 512 4821 principio
526 4758 665 4807 urranrtor
689 4761 729 4808 est
751 4757 795 4810 sai
849 4751 922 4804 bene
933 4748 1124 4821 recogitantes
1136 4747 1379 4819 ‹quaeritquaque
1390 4762 1443 4802 nes
1457 4745 1487 4800 in
1501 4744 1674 4802 adolescen-

75 4850 156 4905 xvrn,
173 4838 227 4907 17).
245 4837 300 4892 Sed
322 4855 507 4910 nequaquam
528 4841 563 4894 ad
580 4841 794 4897 contessionem
848 4839 898 4905 tia,
911 4852 1033 4910 queque
1043 4835 1074 4889 in
1085 4835 1239 4906 juventute
1249 4834 1407 4907 deliquisse
1423 4833 1613 4889 meminimus
1623 4834 1673 4890 de·
1775 4848 1778 4853 '

75 4922 166 4993 ditur,
178 4925 234 4981 nisi
250 4942 318 4981 cum
333 4927 565 4984 consideratione
581 4927 703 4984 districti
716 4931 795 5001 judi·
849 4927 983 4990 sseanrus,
995 4939 1109 4979 morum
1125 4938 1305 4995 operumque
1319 4921 1449 4979 maculas
1464 4921 1601 4995 lacrymis
1615 4925 1673 4977 ter·

97 5024 234 5085 paverem
259 5031 311 5086 spe
334 5020 511 5086 angustatur
534 5020 604 5088 (rep.
621 5019 677 5084 21).
695 5019 793 5073 Scicn·
848 5032 963 5087 gamus,
980 5029 1114 5068 amemus
1131 5013 1194 5084 Jam
1211 5012 1414 5085 lterlemptoris
1433 5011 1525 5068 nestri
1540 5010 1672 5082 vestigia,

75 5114 172 5174 eoque
187 5107 242 5170 est,
255 5104 324 5175 quia
336 5121 412 5176 saepe
427 5109 455 5160 et
470 5105 584 5176 reprobi
596 5110 714 5177 peccata
729 5123 794 5162 con-
849 5120 912 5175 quac
937 5101 1082 5173 peccando
1107 5101 1351 5173 contempsimus.
1368 5102 1450 5168 Ecce,
1477 5104 1510 5155 ut
1534 5098 1671 5164 dimmus,

75 5190 161 5257 need
177 5191 283 5247 dellere
298 5198 501 5248 contemnunt.
518 5192 605 5249 Electi
622 5198 719 5249 autem
734 5195 795 5250 cul·
850 5192 885 5247 ad
901 5190 1083 5262 recipiendos
1098 5206 1151 5245 nos
1171 5205 1304 5262 supernas
1329 5188 1446 5263 pietatis
1472 5188 1555 5243 sinus
1578 5183 1671 5257 uperi·

75 5292 107 5333 ιι
118 5294 195 5351 ques
205 5280 324 5337 vecibus
335 5281 528 5337 consessionis
538 5282 682 5353 aperiunt,
695 5283 793 5339 distri·
848 5286 906 5349 tur,
924 5296 976 5336 nec
991 5277 1141 5335 maculosa
1161 5279 1190 5333 in
1211 5279 1296 5335 nobis
1310 5279 1370 5336 rita
1383 5274 1581 5333 contemnitur
1597 5289 1604 5327 ε
1621 5288 1673 5344 per

75 5364 309 5425 rimadversionis
331 5370 450 5426 fletibus
475 5370 680 5443 insequuntur.
695 5394 709 5420 ι»
720 5372 791 5429 Cum
848 5371 903 5426 hoc
918 5369 996 5442 equod
1012 5367 1244 5440 inquinationem
1265 5373 1395 5424 nostrum
1410 5360 1670 5437 perhorrescimus,

75 5458 206 5517 amostra
227 5472 278 5528 per
302 5458 447 5532 lacrymas
462 5460 645 5525 confitemur,
662 5466 793 5534 anguste
847 5461 969 5517 interna·
989 5458 1052 5530 jam
1079 5457 1229 5513 munditie
1244 5456 1455 5513 concordamus
1472 5469 1478 5508 :
1496 5453 1671 5506 revertentes

75 5544 134 5605 rte!
150 5543 348 5618 ingemimus
365 5548 417 5603 sed
433 5563 501 5603 cum
517 5552 583 5620 pest
596 5547 656 5603 hec
668 5549 704 5605 ad
715 5555 794 5606 teter
848 5568 902 5607 uos
926 5547 1068 5607 bomiuus
1083 5546 1242 5603 clementer
1263 5542 1460 5617 amplectitur,
1476 5537 1547 5613 quia
1568 5555 1670 5613 pecce-

75 5629 143 5699 tau
156 5633 577 5710 maerensmaerens
593 5636 668 5695 atria
680 5637 710 5695 ia
727 5656 793 5700 cen·
846 5646 945 5700 terum
959 5639 1020 5697 vita
1043 5638 1070 5696 ei
1094 5652 1159 5695 esse
1173 5634 1296 5711 indigue
1314 5633 1379 5707 jam
1401 5644 1462 5689 ιιι
1483 5630 1583 5707 pene
1605 5642 1670 5709 que
