3810 6098
104 305 164 375 2⁸19.
574 302 765 372 nitidulam
789 297 1014 369 theatricis
1036 299 1337 367 Ahuuteptscepl
1755 301 1814 365 28⁰

105 437 285 499 wulmarus
296 454 365 495 eum
380 438 481 495 docuit
494 438 624 512 preferre
638 436 796 504 doctrinas,
813 451 866 492 nec
877 433 927 508 qui
941 432 970 504 A
984 451 1040 490 nen
1057 433 1183 506 perdidit
1196 434 1240 492 vel
1257 436 1398 507 dejectus.
1416 456 1432 485 s
1444 434 1479 492 st
1492 434 1563 492 item
1578 432 1610 491 ia
1623 434 1728 493 Edicto
1745 434 1815 492 civi·

106 527 282 601 aprincipio
298 527 354 601 ipsi
369 528 516 596 viderunt,
532 532 562 585 et
577 527 705 583 ministri
720 527 839 582 luerunt
853 524 933 582 verbi
987 523 1044 581 bus
1060 523 1199 581 Romanis
1223 524 1371 596 proposito
1385 524 1468 595 (libre
1483 541 1522 592 xi,
1536 524 1674 597 epictiti:
1686 547 1701 576 n
1715 524 1814 583 Perve-

106 615 169 674 Dei.
185 616 243 673 Nec
257 616 467 688 prophetarum
483 616 658 688 oberus,qui
675 615 744 672 olim
756 615 934 671 vocabantur
987 612 1041 678 nit,
1058 611 1163 684 iuquit,
1181 613 1216 668 ad
1238 629 1285 669 me
1309 613 1453 685 quosdam
1476 613 1665 687 presbyteres
1687 613 1815 685 perversi

104 704 254 772 videntes,
271 703 332 760 hoec
345 721 412 760 eum
426 705 554 760 instituit
569 722 576 760 :
593 706 643 760 sed
658 704 721 777 ipse
740 720 800 760 suec
825 703 933 759 arentis
988 701 1110 772 spiritus
1125 701 1269 767 horarines,
1281 718 1369 774 prava
1383 700 1460 757 iuter
1472 718 1524 759 ves
1537 700 1649 775 aliqua,
1666 707 1697 759 et
1707 707 1814 765 sancta

105 792 227 850 arbitrio
238 792 329 847 furori
340 793 507 848 damonum
519 792 696 859 serviens,ct
705 790 812 847 blando
823 790 932 863 cogitu-
987 789 1054 845 fidei
1066 791 1190 864 ,adversa
1205 790 1377 859 seminasse,
1393 791 1434 846 ita
1448 794 1480 846 ut
1494 790 1541 849 die
1556 790 1679 849 Sabbati
1702 789 1813 864 aliquid

107 879 224 937 tionum
240 897 337 936 errore
352 881 502 954 deceptus,
520 896 649 953 gregem,
661 884 700 947 et,
712 885 745 935 ut
768 879 809 935 ita
824 879 931 948 dicam,
987 880 1099 951 operari
1117 879 1314 951 prohiberent.
1328 879 1485 951 Quosquid
1496 878 1577 937 uliud
1593 879 1653 937 nisi
1668 880 1813 939 Antichri-

107 985 229 1026 examen
245 969 416 1042 dogmatum
431 987 632 1041 perversorum
650 986 700 1042 per
724 972 816 1026 tetum
832 969 933 1024 orhcm
987 967 1024 1025 sti
1040 969 1246 1040 praedicatores
1261 968 1394 1036 dixerim,
1409 970 1461 1042 qui
1475 969 1596 1026 veniens
1611 969 1693 1027 diem
1707 970 1814 1027 Sabba-

104 1056 230 1115 immisit
245 1057 394 1115 mentibus
410 1058 605 1114 iddecterum.
615 1058 670 1114 lstc
686 1063 730 1113 ost
744 1058 793 1130 qui
805 1057 932 1130 Assyriis
987 1062 1050 1113 tum
1062 1058 1344 1129 utqueDeminieum
1356 1057 1481 1115 ahumai
1493 1058 1818 1132 tacictoperecnslodi-

104 1146 334 1220 Bcbyloniisque
349 1146 520 1204 fluminibus
536 1148 651 1220 aporuit
665 1164 697 1204 os
712 1163 810 1213 suurn,
823 1148 872 1220 qui
884 1164 933 1203 na·
986 1146 1031 1202 rii
1046 1146 1208 1213 Quiaeuim
1226 1147 1301 1203 meri
1320 1163 1352 1203 se
1371 1151 1400 1204 et
1419 1163 1574 1221 resurgere
1583 1147 1751 1214 simulabit,
1767 1147 1817 1205 hai

101 1251 168 1292 vem
179 1233 478 1304 lieclesias,bonarum
490 1236 631 1291 mercium
643 1235 759 1309 plenam
769 1235 875 1291 salutis
885 1236 933 1291 aie·
986 1234 1047 1292 beri
1063 1235 1091 1290 in
1107 1236 1292 1293 veneratione
1307 1235 1369 1292 vult
1379 1235 1456 1292 diem
1471 1235 1661 1293 Dominicum
1678 1252 1686 1293 :
1701 1239 1733 1293 et
1746 1237 1819 1308 quic

103 1324 198 1390 trinae,
208 1322 347 1380 fluetibus
358 1325 469 1396 operire
493 1325 765 1391 conatusest,du1n
785 1324 933 1397 imperito·
984 1324 1138 1383 iudaizare
1152 1325 1292 1397 populum
1309 1324 1473 1398 compellet,
1489 1329 1523 1381 ut
1536 1324 1711 1383 exteriorem
1725 1324 1816 1385 ritum

103 1430 170 1469 rum
180 1411 266 1468 laude
276 1413 706 1487 sustollitur,etscripturarum
716 1430 838 1470 sensum
848 1413 932 1469 aliter
986 1413 1059 1485 logis
1074 1419 1196 1480 revocet,
1211 1418 1241 1470 et
1255 1413 1312 1470 sihi
1325 1415 1495 1471 iudeorum
1510 1412 1669 1487 perfidiam
1692 1414 1818 1483 subdat,

104 1518 194 1574 quam
212 1518 243 1558 sc
258 1501 463 1559 hebetveritas
475 1501 803 1575 edisserens,gloriatur
816 1501 845 1558 in
862 1519 931 1558 con·
985 1500 1041 1558 coli
1056 1501 1119 1559 vult
1135 1503 1306 1558 Sabbatum.
1323 1525 1337 1554 n
1352 1504 1388 1559 ht
1413 1503 1491 1560 Reda
1514 1503 1543 1559 in
1565 1502 1716 1560 Chronica
1736 1520 1816 1565 susa

103 1588 307 1656 lusione.Quis
317 1589 396 1646 enim
407 1594 467 1645 tam
481 1590 711 1647 innumerabiles
719 1596 748 1647 et
758 1591 892 1663 garrulos
902 1595 932 1647 et
986 1613 1000 1641 s
1018 1592 1053 1647 lit
1065 1590 1136 1656 vidi,
1152 1591 1301 1663 inquit,dc
1317 1591 1390 1647 mari
1408 1592 1532 1648 bestiam
1550 1591 1776 1660 ascendentem,
1787 1598 1819 1659 et

100 1677 286 1734 verbositatis
303 1682 392 1750 atque
408 1678 560 1751 imperitis
576 1677 678 1751 plenos
699 1679 873 1752 conscripsit
896 1679 930 1734 li·
983 1680 1064 1735 dedit
1079 1679 1121 1735 illi
1135 1679 1221 1735 draco
1236 1681 1373 1737 virtutem
1389 1697 1474 1737 suam
1497 1686 1527 1738 et
1547 1684 1729 1753 potestatem
1755 1698 1818 1745 ma·

101 1766 212 1833 tresel
220 1765 396 1839 infatigabili
407 1767 506 1823 studio
517 1768 579 1824 dies
594 1773 753 1840 nentesque
767 1769 929 1841 conjunxit,
945 1801 971 1871 B
987 1786 1086 1841 gnam.
1104 1769 1135 1824 ld
1152 1774 1205 1836 est,
1221 1768 1280 1824 vidi
1296 1769 1446 1826 hominem
1461 1769 1615 1827 senissimi
1642 1769 1767 1844 ingenii,
1780 1773 1814 1830 de

99 1860 132 1911 ut
142 1871 275 1911 errorum
283 1856 927 1914 monumentadimittensmercreturaudire:
986 1857 1168 1915 tumultuosa
1183 1858 1340 1930 impierum
1356 1857 1447 1931 stirpe
1461 1859 1663 1931 progenitum.
1679 1859 1737 1917 Cui
1751 1877 1814 1921 mox

100 1944 192 2001 liuttis
203 1943 350 1999 itineribus
360 1945 548 2018 tuisdeceptus
558 1946 678 2003 cs.Usus
692 1951 738 2003 est
753 1946 833 2002 enirn
854 1947 929 2003 duce
983 1951 1062 2011 note,
1078 1952 1107 2002 et
1120 1964 1173 2018 por
1188 1947 1317 2019 magicas
1328 1951 1407 2003 artes
1422 1964 1440 2003 a
1454 1947 1594 2019 pessimis
1615 1946 1737 2005 imbute
1758 1966 1810 2007 ma·

102 2031 314 2105 pessimeaura
332 2034 476 2106 populari,
489 2039 518 2090 et
542 2034 678 2107 piurimis
699 2035 777 2093 falsa
801 2036 928 2093 scicntia
982 2035 1092 2108 gistris,
1109 2037 1274 2109 adjungens
1289 2053 1320 2092 se
1336 2035 1480 2103 diabolus,
1498 2041 1591 2093 totam
1613 2037 1738 2096 virtutis
1755 2056 1808 2097 sue

100 2119 302 2178 voluminibus
317 2123 494 2189 exeratis,ac
503 2123 603 2181 rebelli
611 2129 713 2180 contra
722 2125 814 2180 Deum
830 2130 928 2181 mente
982 2125 1151 2195 potentiam,
1165 2142 1216 2196 per
1230 2142 1319 2197 quam
1336 2125 1450 2200 magica
1463 2125 1577 2183 ceteris
1593 2126 1737 2187 omnibus
1750 2144 1806 2189 me·

101 2226 248 2282 pugnans,
261 2217 411 2284 unguente
424 2211 586 2269 coelestium
603 2212 802 2270 doctrinarum
814 2214 926 2270 saniem
977 2213 1043 2283 jora
1057 2219 1195 2286 patraret,
1212 2213 1352 2270 inviduus
1376 2230 1475 2271 eomes
1498 2214 1610 2271 attulit.
1621 2216 1659 2272 Et
1675 2216 1746 2275 data
1767 2220 1807 2275 eal

100 2299 501 2372 quamdametputoremsui
517 2302 617 2358 leteris
637 2301 843 2368 immiscebat
862 2322 925 2359 rur·
981 2308 1120 2374 potestas,
1136 2304 1242 2376 inquit,
1258 2303 1301 2358 illi
1318 2304 1411 2360 lacere
1436 2319 1553 2361 menses
1573 2305 1620 2374 42,
1636 2303 1668 2360 id
1683 2308 1738 2373 est,
1753 2310 1805 2367 tres

100 2405 166 2444 sum
178 2388 215 2444 ad
226 2405 311 2446 suam
322 2388 619 2447 animamdioeretur:
628 2392 761 2448 mamardo
775 2394 926 2451 etlamosa
980 2410 1073 2451 annos
1089 2397 1118 2448 et
1132 2392 1297 2448 dimidium.
1309 2394 1449 2449 Percusso
1459 2396 1560 2448 autem
1574 2391 1626 2449 illo
1634 2393 1802 2467 perditionis

103 2481 133 2534 et
144 2476 236 2532 nimia
246 2477 462 2550 iniquitatibus.
474 2480 574 2552 Neque
584 2480 661 2536 enim
672 2482 814 2554 propheta
823 2484 925 2539 audire
964 2481 1116 2558 ‚Aliusive
1131 2482 1166 2537 ab
1183 2482 1246 2553 ipso
1262 2481 1395 2547 Domino,
1408 2480 1468 2536 sive
1482 2498 1500 2537 a
1514 2480 1660 2539 Michaelis
1683 2483 1801 2545 orchu-

99 2566 175 2624 m
191 2566 282 2623 veluit
295 2572 531 2624 commonentem
548 2586 555 2624 :
572 2575 666 2643 (luere
680 2570 797 2642 ditique
816 2574 923 2628 sicutte·
978 2567 1094 2641 gelant
1108 2566 1230 2639 quidum
1245 2568 1395 2632 decentet
1407 2570 1520 2623 eterne
1535 2567 1649 2626 ultione
1658 2569 1801 2637 damnate,

98 2663 162 2723 um,
174 2663 200 2713 et
223 2658 349 2729 queritis
376 2657 567 2714 mendacium?
580 2660 665 2727 (l‘sal.
691 2676 730 2723 iv,
750 2661 778 2728 3)
794 2658 848 2726 Qui
872 2678 924 2732 pro
978 2674 1036 2713 nen
1052 2657 1191 2712 continuo
1206 2656 1283 2713 m
1298 2655 1361 2711 dies
1371 2655 1476 2727 judicii
1492 2660 1653 2715 secuturus
1667 2674 1735 2717 esse
1747 2675 1801 2717 ere·

96 2742 283 2803 demonibus
307 2744 457 2801 Christum
482 2746 576 2819 alligit
599 2748 734 2818 eruci‚ut
749 2765 806 2803 uon
826 2747 922 2805 selum
978 2747 1092 2804 dendus
1113 2749 1167 2800 est.
1191 2744 1307 2817 Alioqui
1335 2745 1410 2801 seire
1433 2750 1553 2817 possent
1575 2745 1716 2804 hemines
1731 2746 1802 2805 illius

98 2830 149 2889 Dei
164 2836 194 2888 et
209 2832 373 2898 heminam,
391 2835 440 2891 sed
457 2835 624 2891 demonum
640 2853 756 2908 quoquc
780 2838 923 2894 mediator
977 2834 1028 2891 aevi
1039 2839 1157 2905 tempus
1164 2832 1309 2905 judicii,si
1320 2838 1386 2905 pest
1396 2833 1801 2893 tressemisaunosinchoate

97 2921 158 2978 liat.
174 2921 281 2979 Verum
301 2923 378 2980 absit
393 2928 453 2979 tam
467 2923 597 2981 immane
620 2927 702 2983 netas
717 2927 753 2981 de
775 2926 924 2983 Salvatere
976 2921 1188 2997 persecut-ienis
1215 2921 1385 2978 Antichristi
1410 2923 1566 2978 confestim
1591 2929 1801 2996 sequeretur.»

96 3012 223 3078 credere,
240 3016 273 3069 ut
286 3012 430 3084 templum
446 3013 576 3087 eorporis
592 3015 649 3084 sui,
666 3017 743 3087 qued
762 3033 814 3087 pre
838 3016 923 3072 nobis
976 3014 1010 3069 st
1025 3015 1146 3073 sanctus
1164 3011 1365 3084 Hieronymus,
1381 3027 1529 3084 exponens
1553 3012 1736 3070 sententiam
1756 3012 1802 3071 aa·

95 3099 239 3156 suscitare
254 3099 392 3173 dignatus
408 3107 463 3167 est,
481 3103 656 3170 amissurus,
673 3102 752 3159 aliud
773 3103 828 3160 sibi
845 3108 921 3159 tem·
980 3101 1067 3158 niolis
1083 3119 1089 3157 :
1107 3124 1121 3151 «
1138 3100 1226 3165 Beati,
1248 3099 1355 3171 inquit,
1372 3099 1423 3172 qui
1447 3099 1600 3158 interiecto
1624 3101 1801 3161 Antichristo

97 3186 181 3261 plum
192 3189 359 3244 demonioso
370 3189 546 3246 conditionis
557 3191 711 3263 alligatut
721 3191 838 3247 illorum
854 3209 923 3263 que
939 3169 962 3236 C
981 3208 1070 3262 supra
1085 3206 1179 3246 uccxa
1194 3188 1267 3254 dies,
1283 3189 1312 3243 id
1328 3193 1373 3244 est
1387 3193 1448 3245 tres
1458 3188 1548 3245 semis
1563 3206 1660 3247 annes
1683 3191 1748 3247 dies
1762 3191 1800 3257 li,

97 3280 277 3349 quereeepta
286 3275 481 3333 similitudine
491 3279 627 3350 proipsis
637 3279 922 3350 patibulumsubsat.
978 3277 1193 3349 praestolantur,
1210 3277 1321 3348 quibus
1335 3280 1380 3332 est
1401 3276 1545 3335 Dominus
1567 3281 1658 3350 atque
1678 3276 1813 3335 salvater·

97 3362 234 3433 Obsecro,
247 3364 352 3420 tratres
380 3364 573 3431 dilectissimi,
590 3371 622 3421 ut
646 3367 807 3440 ignoscatis
831 3367 921 3424 dolori
977 3367 1006 3423 in
1022 3384 1076 3423 sara
1090 3366 1245 3436 majestate
1261 3370 1411 3421 venturus.
1427 3387 1442 3417 a
1460 3365 1495 3423 lit
1508 3364 1582 3423 item
1595 3367 1758 3438 Gregorius
1775 3366 1802 3423 ia

95 3467 160 3506 mee
178 3450 321 3507 doctrinis
336 3452 435 3525 impiis
451 3453 607 3510 resistenti.
634 3456 708 3510 lium
725 3456 803 3511 cuim
826 3458 922 3529 impu·
976 3473 1050 3512 xxxii
1063 3454 1217 3510 Moralium
1233 3452 1306 3510 libre
1321 3453 1391 3524 (cup.
1408 3455 1452 3522 12)
1469 3469 1476 3508 :
1495 3475 1509 3504 «
1525 3453 1608 3519 Quod
1624 3469 1679 3526 per
1698 3453 1802 3513 Danie-

95 3538 225 3599 dentiam
238 3545 416 3598 sectatorum
431 3544 495 3614 ejus
510 3549 691 3614 repercutere
703 3543 836 3612 nitimur,
844 3563 922 3601 corn·
977 3545 1035 3600 lem
1054 3543 1244 3615 subjungitur
1260 3560 1266 3598 :
1283 3542 1349 3598 Siue
1363 3559 1449 3599 runnu
1471 3549 1624 3601 coneretur
1645 3544 1730 3616 (ban,
1745 3560 1803 3611 vra,

96 3644 203 3702 pagem
219 3627 314 3689 lorice
329 3629 424 3703 ipsius
438 3635 467 3687 et
480 3630 612 3687 venenati
622 3632 747 3703 pecteris
757 3634 923 3690 iraudulon-
978 3634 1031 3706 15),
1048 3632 1102 3688 hoe
1125 3648 1176 3703 per
1200 3631 1323 3687 Paulum
1350 3630 1546 3702 exprimitur:
1564 3631 1651 3699 Qucru
1672 3633 1802 3697 muner

96 3716 153 3779 tias
164 3717 193 3774 in
207 3711 338 3775 medium
350 3718 537 3791 protulimus
545 3723 578 3774 ut
588 3718 659 3776 illud
673 3723 923 3795 quoquecomplc·
974 3726 1051 3780 lesus
1066 3721 1210 3791 interficiet
1230 3721 1331 3790 spiritu
1355 3721 1411 3775 oris
1430 3722 1485 3787 sui,
1499 3728 1526 3776 et
1543 3719 1664 3783 1161111161
1677 3722 1803 3787 illusus·

95 3809 176 3863 retur
190 3806 220 3865 ia
234 3823 268 3865 ee
281 3823 288 3863 :
301 3808 430 3864 lteuclcde
455 3810 637 3879 t'pnomiuium
650 3818 767 3876 tuum,et
785 3812 923 3868 ostendam
976 3813 1049 3866 tiene
1062 3808 1192 3864 calventes
1206 3809 1252 3864 sui
1266 3808 1302 3875 (ll
1320 3810 1407 3863 Thess.
1420 3824 1439 3875 1,
1451 3810 1489 3875 8).
1502 3808 1570 3864 Siue
1585 3824 1678 3867 manu
1694 3809 1805 3876 scilicet

94 3911 155 3958 eam
169 3896 337 3955 amatoribus
350 3898 404 3953 tuis
418 3897 525 3965 (duali.
541 3915 598 3964 xvi,
614 3900 670 3967 37).
688 3921 702 3946 o
976 3901 1151 3962 conteretur,
1169 3896 1239 3969 quia
1253 3913 1311 3952 non
1327 3895 1497 3968 angelorum
1514 3895 1601 3966 bello,
1618 3914 1677 3954 nea
1692 3902 1816 3965 serastes¹

129 3983 170 4039 Do
179 3983 359 4041 Antichristo
370 3991 470 4043 autem
488 3992 608 4043 sanctus
623 3986 779 4058 Gregorius
799 3988 827 4043 in
848 3988 922 4046 libro
977 4004 1042 4045 rum
1053 3984 1222 4050 certamine,
1240 3985 1290 4040 sed
1306 4001 1357 4055 per
1371 3985 1529 4041 adventum
1542 3984 1656 4055 Jedieis
1671 3985 1806 4053 selensis

95 4070 249 4131 Moralium
260 4091 325 4130 xxxi
337 4075 521 4148 (usp.2)dicit
533 4092 539 4131 :
552 4076 724 4148 «Quiaergo
738 4078 924 4148 perundcna·
977 4075 1082 4150 spiritu
1098 4079 1206 4129 aeterna
1220 4077 1314 4128 morte
1330 4074 1459 4129 societur.
1477 4095 1491 4122 e
1508 4073 1543 4129 tit
1561 4073 1632 4131 ilem
1648 4075 1721 4146 (cap.
1737 4075 1781 4147 13)
1796 4090 1803 4130 :

93 4161 922 4238 riumnumerumtransgressioexprimitur,hqjushcstie
978 4165 1061 4221 «Sed
1078 4161 1147 4235 quia
1163 4159 1249 4233 quale
1263 4160 1302 4216 sil
1330 4160 1499 4233 iniquorum
1513 4166 1602 4234 eaput
1625 4162 1803 4233 audivimus,

93 4268 183 4308 cerne
198 4253 353 4311 undecimo
368 4252 431 4328 ipse
445 4258 549 4311 auctor
557 4253 800 4325 transgressionis
811 4255 923 4326 judicu·
977 4270 1056 4309 nuno
1071 4251 1140 4307 huic
1153 4248 1239 4321 capiti
1255 4267 1319 4321 quie
1335 4249 1468 4305 membru
1483 4249 1652 4307 adhaereant
1662 4268 1806 4324 agnosca.-

92 4343 233 4413 tur,qued
243 4341 537 4416 videlicetparvulum
549 4342 725 4414 oritur,quiu
736 4342 922 4413 purushomo
978 4360 1055 4398 inus.
1070 4338 1208 4411 Quisquis
1224 4354 1347 4406 nannque
1363 4336 1392 4392 in
1408 4337 1546 4409 superbia
1559 4336 1807 4414 satellitumque}

93 4432 320 4499 generaturam
337 4430 688 4502 immanilcrcrescit,qui
699 4448 793 4502 usquo
810 4432 847 4486 ad
857 4448 923 4486 con·
977 4430 1044 4503 quis
1059 4428 1186 4484 avaritie
1202 4424 1355 4482 desideriis
1369 4426 1806 4499 erucialur‚quisquis-luaurisr

90 4517 227 4586 junctum
243 4519 301 4577 sibi
314 4520 373 4576 vim
399 4521 535 4592 angelicae
560 4520 741 4577 fortitudinis
767 4519 890 4591 preficit.
908 4544 922 4569 n
938 4538 962 4603 D
976 4517 1177 4590 voluptatibus
1193 4514 1326 4582 solvitur,
1343 4514 1479 4587 quisquis
1502 4515 1619 4588 injusta
1641 4534 1676 4577 ao
1697 4516 1806 4580 immo·

94 4602 213 4662 titileia
230 4606 299 4678 (cop.
318 4608 363 4676 ts)
379 4625 386 4662 :
403 4632 417 4658 «
435 4609 613 4681 Principium
628 4610 742 4665 viarum
762 4609 812 4664 Dei
827 4608 922 4664 Vehe-
978 4609 1083 4664 derata
1099 4606 1148 4661 ira
1161 4603 1260 4676 llagris
1276 4603 1398 4675 ignitur,
1414 4602 1483 4674 quid
1504 4603 1586 4660 aliud
1610 4622 1704 4676 quam
1721 4608 1805 4670 Anti·

94 4691 176 4749 moth
196 4693 306 4751 dieitur
322 4711 329 4750 :
345 4696 415 4767 quia
440 4697 580 4753 nimirum
595 4715 663 4753 cum
689 4703 796 4754 cuncte
819 4714 922 4755 ereans
976 4695 1080 4753 christi
1094 4693 1178 4750 testis
1202 4693 1317 4749 astilit
1340 4692 1368 4746 in
1396 4691 1520 4765 epistola
1541 4692 1665 4772 loannis
1680 4695 1806 4767 aposloli

94 4779 424 4855 ageret,huncp1imum
436 4785 669 4857 condidit,quem
681 4785 922 4860 reliquisangelis
977 4784 1119 4857 scriptum
1148 4782 1263 4838 est2Et
1290 4783 1362 4836 suut
1387 4781 1504 4837 auduus
1531 4783 1597 4854 quta
1620 4782 1806 4847 Atttieicristue

94 4867 319 4927 eminentiorem
336 4872 414 4927 lecit.
430 4895 443 4923 n
461 4874 495 4928 Et
506 4873 576 4928 item
592 4875 662 4945 (cup.
676 4875 718 4946 12)
735 4891 741 4928 :
759 4898 772 4925 «
785 4875 859 4940 Quid
870 4892 921 4931 au·
976 4875 1074 4940 veniet,
1090 4879 1116 4928 ct
1137 4887 1212 4927 urano
1235 4871 1397 4926 Antieluisti
1421 4871 1503 4926 multi
1526 4878 1592 4927 sunt
1605 4871 1629 4943 (l
1651 4872 1732 4935 toea.
1752 4890 1804 4942 au,

94 4960 153 5014 tem
164 4956 429 5015 caudaVehcmeth
445 4959 542 5029 istius,
559 4961 617 5016 nisi
632 4960 683 5016 illa
696 4962 809 5033 antiqui
829 4961 923 5019 hostis
978 4964 1032 5036 18).
1051 4985 1065 5012 o

93 5045 261 5105 extremitas
276 5046 393 5115 dicitur,
410 5066 477 5104 cum
495 5066 544 5104 vas
560 5049 712 5122 proprium
726 5049 810 5105 illum
827 5053 922 5122 perdi·
1013 5050 1085 5107 ilinc
1109 5047 1281 5104 roircrabilis
1306 5049 1456 5120 presbyter
1478 5049 1555 5105 Beda
1577 5048 1673 5106 dicit:
1692 5073 1708 5101 a
1723 5050 1805 5109 Anti·

91 5138 156 5192 tum
172 5135 321 5193 hominem
337 5137 510 5210 ingreditur,
528 5139 577 5210 qui
594 5136 759 5210 specialiter
773 5139 919 5195 Antichri·
974 5138 1098 5196 christos
1114 5138 1184 5193 dicit
1200 5137 1363 5202 haereticos,
1378 5137 1430 5192 sed
1443 5141 1472 5193 et
1485 5136 1551 5193 illos
1566 5136 1628 5209 qui,
1648 5139 1738 5199 sidem
1752 5156 1805 5199 eae

93 5228 157 5283 stus
173 5227 380 5299 nuncupaturi
396 5249 410 5276 »
427 5228 460 5281 ht
476 5226 544 5282 itcm
570 5228 638 5301 (cop.
655 5226 757 5295 eorum)
774 5245 781 5282 :
805 5251 819 5279 a
836 5229 919 5284 Tune
973 5227 1112 5284 tholicsm
1127 5242 1217 5298 quam
1233 5226 1420 5290 cantitentur,
1437 5224 1580 5295 perversis
1594 5225 1712 5284 actibus
1735 5228 1805 5287 des,

93 5312 291 5369 Antichristus
303 5315 405 5371 mundi
420 5315 543 5386 gloriam
558 5314 758 5387 tcirrporaliter
772 5316 918 5381 arlrtincus,
975 5322 1085 5372 truirnt.
1104 5316 1184 5372 Urule
1200 5318 1315 5369 constat
1331 5312 1400 5384 quia
1415 5312 1615 5371 Antichristus
1637 5317 1806 5375 contrarius

94 5413 249 5456 mensuras
261 5403 414 5460 hominurn
424 5409 452 5459 ot
462 5404 581 5460 honoris
592 5403 719 5459 eulmine
729 5408 758 5459 et
768 5404 920 5475 signorum
973 5406 1088 5461 Christo
1103 5408 1234 5460 vocatur.
1244 5404 1352 5459 brunes
1368 5401 1410 5456 illi
1426 5402 1554 5459 maxime
1575 5403 1758 5465 Antichristo
1772 5404 1804 5461 ia

94 5489 239 5557 potestate
255 5493 444 5550 transcendit.
462 5492 589 5566 Spiritus
605 5493 713 5565 quippe
739 5491 768 5546 in
793 5491 843 5546 illo
864 5498 918 5559 cst,
974 5494 1030 5548 linc
1043 5491 1140 5547 saculi
1155 5494 1277 5546 venturo
1301 5489 1385 5560 quasi
1410 5505 1463 5545 sue
1485 5487 1573 5562 capiti
1597 5490 1803 5549 testimoniam

94 5572 145 5644 qui
160 5571 190 5628 in
206 5576 383 5637 sublimibus
398 5583 544 5653 conditus,
561 5580 721 5655 potentiam
737 5585 848 5637 nature
860 5598 919 5637 succ
974 5581 1109 5636 reddunt.
1121 5577 1201 5634 Sicut
1216 5583 1245 5634 et
1267 5577 1374 5634 Paulus
1389 5577 1461 5634 dicit
1476 5578 1545 5650 quia
1566 5581 1732 5650 musterium
1741 5581 1803 5652 tarn
