3810 6098
103 338 163 400 art
578 341 771 404 HINCltlAlll
797 338 1018 404 ehamensis
1039 343 1335 409 AllGlllllPlSGDPl

1755 352 1816 414 2¹16

105 492 208 533 omnes
226 475 408 544 invitatore
431 475 560 532 volentes
583 475 727 548 repudiat,
745 492 798 530 nec
823 474 928 530 invitos
942 474 970 541 Α
986 476 1366 552 capitulorum‚quibusnos
1378 482 1815 559 responderejussistis,quarto

106 564 218 639 alligat,
237 581 289 620 nee
305 565 446 620 adeuntes
462 563 568 635 rejicit,
585 580 638 618 nee
653 563 824 636 rogantibus
839 565 932 630 deest,
984 565 1113 637 capitulo
1133 567 1226 624 dicit:
1244 591 1257 618 «
1276 569 1347 624 ltem
1373 572 1409 626 de
1433 572 1634 644 redemptione
1658 575 1814 649 sanguinis

106 654 157 728 qui
172 670 261 726 prope
276 657 321 708 cst
335 652 475 708 omuibus
490 652 693 709 invocantibus
707 670 738 709 sc
753 654 783 707 in
799 651 929 721 veritate,
985 652 1103 722 Christi,
1120 661 1239 728 propter
1253 656 1377 713 nimium
1394 677 1521 716 errorem
1537 661 1588 734 qui
1604 663 1640 719 de
1654 662 1712 719 hac
1726 680 1815 721 causa

105 747 241 799 scrutans
256 742 344 796 eorda
362 746 390 796 ct
415 758 499 796 renes
525 742 612 808 Deus,
630 740 675 796 cui
700 758 768 797 curn
794 741 876 796 Putre
901 740 930 796 iu
985 746 1102 798 exortus
1117 751 1171 812 est,
1188 745 1228 800 ita
1243 751 1276 801 ut
1290 748 1421 818 paridam,
1438 749 1516 805 sicut
1530 767 1633 807 eorum
1649 751 1812 824 scriptaiu·

105 829 217 886 unitata
232 829 357 901 Spiritus
373 829 467 885 sancti
483 830 712 885 debeturomnis
725 829 853 886 honoret
864 831 931 886 odo·
985 831 1094 899 dicant,
1112 833 1200 889 etiam
1216 851 1269 906 pro
1284 834 1343 892 illis
1358 837 1470 908 impiis,
1486 839 1536 910 qui
1553 840 1685 895 emundi
1697 841 1812 898 exordio

104 918 178 975 ratio
193 918 358 990 peremnia
373 916 479 974 secula
494 917 677 974 saeculorum.
696 920 794 989 tmen.
813 941 826 968 »
985 937 1078 991 usque
1094 921 1129 976 ad
1145 923 1312 994 passionem
1329 924 1446 981 Domini
1461 925 1491 981 in
1507 944 1561 983 sua
1576 927 1730 1000 impietate
1740 947 1812 987 mor·

390 1059 508 1116 CAPUT
534 1060 642 1116 mu·
984 1008 1142 1066 tuiaeterna
1150 1011 1340 1069 damnatione
1351 1013 1446 1085 puniti
1459 1017 1670 1083 sunt,etiusum
1682 1035 1750 1074 eum
1761 1019 1811 1076 dit·

984 1097 1098 1165 srniant,
1116 1104 1217 1155 eontra
1230 1099 1303 1156 illud
1327 1102 1533 1174 propheticum
1546 1121 1552 1158 ε
1565 1106 1619 1162 Ere
1633 1123 1710 1163 iners
1725 1116 1781 1176 tue,
1796 1125 1812 1166 e

105 1176 177 1226 ilatio
191 1174 326 1225 reddendo
340 1175 427 1240 quierit
440 1175 547 1237 capituli
571 1175 668 1239 Decipit,
684 1178 752 1238 qood
773 1191 818 1226 nos
840 1179 930 1225 contro
983 1192 1733 1268 morgeromorsuspmgins3m0(033,3111‚14),„

135 1247 377 1297 Praedestinotionos
405 1247 588 1309 excerpsimus,
612 1246 731 1312 querique
759 1247 929 1311 capitutomrm
1019 1275 1161 1331 Miramur
1185 1294 1238 1333 cur
1262 1278 1385 1334 istorum
1410 1282 1554 1354 composit
1557 1299 1591 1338 01,
1613 1283 1809 1355 capitulorum

135 1341 191 1392 qun
204 1325 277 1376 notis
292 1326 398 1375 dedistis
412 1327 565 1388 compositor
579 1341 665 1375 errare
686 1326 765 1375 trimis
788 1326 928 1387 denotauit,
1035 1364 1067 1376 ..
1235 1366 1241 1380 .
1717 1373 1724 1386 ,

135 1399 258 1448 uernum
273 1397 298 1445 in
313 1394 435 1454 medinm,
451 1395 488 1443 od
501 1395 711 1458 exaggerandum
725 1397 931 1460 reprehensionis
983 1369 1082 1421 ⁰m¹⁵¹t
1098 1366 1175 1437 q¹¹⁰d
1192 1367 1323 1439 ‘lmdam’
1341 1369 1376 1423 ad
1393 1369 1588 1429 ⁰⁰¹¹s¹¹i³¹¹d⁰⁸
1604 1389 1745 1446 ¹¹⁰⁹rqu¹⁰
1755 1392 1809 1431 ⁰⁰¹¹

135 1472 229 1518 nosue
241 1469 339 1522 noram.
355 1466 541 1516 auricomum
552 1469 576 1514 er
591 1467 683 1530 impios
697 1467 723 1516 u
737 1482 784 1516 sua
798 1469 930 1532 impietate
983 1459 1059 1509 reete
1074 1454 1234 1511 dixerimus
1250 1455 1398 1512 Christum
1415 1475 1468 1531 pro
1483 1460 1624 1517 omnihus
1640 1463 1810 1534 presumti-

135 1541 278 1602 defunctos,
293 1540 319 1588 Α
341 1540 402 1587 αηΐθ
424 1537 564 1587 “titinium
588 1537 688 1587 Ctrsstt'
711 1540 770 1602 'bne
792 1538 930 1590 damnatis
983 1547 1029 1598 cet
1043 1560 1101 1599 uon
1116 1560 1218 1600 omncs
1234 1543 1380 1616 passionis
1395 1547 1459 1618 ejus
1474 1548 1616 1620 mysterio
1627 1549 1810 1608 sintmdcm·

133 1614 237 1662 “m
983 1632 1037 1705 pti,
1048 1631 1148 1704 impiis
1163 1638 1192 1689 et
1207 1635 1463 1705 peccatoribus,ab
1475 1635 1559 1692 initio
1571 1638 1678 1694 mundi
1691 1656 1742 1712 pm
1753 1640 1812 1696 suis

138 1728 291 1785 Rationem
307 1726 486 1781 reddendam
509 1724 605 1796 quarti
630 1725 752 1798 capituli
776 1727 927 1793 adeuntes,
983 1719 1143 1777 sceleribus
1165 1721 1195 1776 in
1219 1722 1367 1778 internum
1392 1723 1535 1781 demersis
1559 1727 1589 1782 et
1612 1727 1814 1785 aeternitaliter

102 1818 229 1891 gratiam
244 1814 350 1870 Christi
368 1813 482 1869 Domini
500 1813 593 1870 nostri
605 1814 802 1885 doposcimus,
814 1820 846 1871 ut
857 1815 928 1872 sano
942 1840 967 1907 B
983 1809 1159 1876 cruciandis,
1176 1809 1325 1866 dtabfflum
1341 1827 1409 1866 cum
1431 1812 1495 1867 fluis
1519 1812 1634 1886 refugis
1659 1814 1810 1888 angeliaci

102 1904 170 1961 tldci
186 1902 345 1966 intellectu,
357 1905 585 1972 sanctarumque
597 1901 814 1974 seripturarum
826 1908 926 1960 arieto·
981 1896 1193 1953 Antichrisium
1210 1898 1304 1953 solent
1319 1915 1475 1971 apponere·
1486 1901 1565 1966 Quos
1580 1916 1652 1957 oum
1663 1902 1731 1960 aliis
1741 1903 1808 1960 stul·

103 1992 252 2060 sitatibus,
269 1994 299 2045 et
313 1989 539 2044 orthodoxorum
563 1990 750 2056 testimoniis,
767 1992 803 2047 ab
828 1993 925 2049 obem.
981 1985 1045 2041 titio
1060 1986 1182 2058 perditis
1197 1985 1226 2041 in
1244 1985 1319 2042 libro
1336 1988 1372 2042 dc
1392 1987 1597 2046 Consolatione
1619 1990 1806 2065 philosophia

103 2084 248 2137 elatorum
274 2082 443 2134 nestrorum
467 2077 745 2140 venundationibus.
761 2079 811 2151 qui
825 2081 860 2136 de
875 2099 925 2138 no·
982 2074 1070 2147 (parit
1089 2092 1109 2139 Ι,
1124 2092 1184 2146 cap.
1201 2076 1229 2143 9)
1246 2075 1364 2130 Doetius
1387 2075 1577 2150 ⁰⁰¹1¹Plffl¹gii2
1595 2078 1701 2136 dimus
1716 2098 1724 2136 :
1739 2082 1806 2139 Ehe!

103 2173 166 2226 stra
179 2167 370 2223 infamatione
381 2165 436 2220 sibi
449 2167 924 2237 quaeruntemerelaudistamnm,
981 2180 1063 2236 quam
1077 2165 1190 2219 ueneror
1209 2165 1317 2219 trrrnritc
1337 2162 1428 2219 meins
1452 2164 1564 2221 crecere
1584 2168 1764 2237 ipram-untia!
1777 2171 1806 2227 m

104 2257 229 2314 redimat
243 2271 296 2311 nos
311 2254 362 2326 qui
389 2254 513 2309 redemit
537 2254 623 2309 lsrael
649 2271 684 2310 ex
707 2257 845 2313 omnibus
870 2257 925 2313 ini·
980 2258 1101 2308 sauctus
1123 2251 1280 2324 Gregorius
1295 2251 1324 2306 in
1338 2252 1449 2325 Regula
1474 2254 1615 2325 pastorali
1642 2256 1680 2313 de
1703 2257 1805 2316 talibus

103 2345 266 2419 quitatibus
281 2343 354 2408 suis,
369 2346 398 2398 et
422 2341 460 2398 sit
484 2343 568 2398 nobis
594 2360 710 2416 semper
734 2345 764 2400 in
788 2347 925 2403 omnihus
980 2341 1060 2401 dicit.
1077 2342 1147 2414 quia
1171 2341 1249 2412 quod
1274 2340 1382 2414 albugo
1407 2342 1804 2413 sarracenatorum

103 2435 176 2492 m
195 2438 223 2489 et
238 2432 346 2504 ubique
362 2431 390 2485 in
407 2431 500 2485 Deum
516 2435 717 2501 protectorem,
735 2438 763 2488 ct
779 2433 807 2489 in
828 2434 924 2492 locum
979 2430 1079 2501 gantia
1094 2429 1155 2501 agit
1165 2428 1194 2483 in
1207 2434 1304 2484 ruente
1316 2446 1322 2483 :
1335 2446 1399 2501 quie
1410 2444 1478 2485 cum
1489 2432 1650 2489 candorem
1660 2433 1806 2507 sibijuste

103 2524 262 2588 munitum,
278 2525 312 2577 ut
330 2519 425 2576 salves
450 2520 537 2575 iaciat
561 2537 614 2575 nos
639 2521 675 2576 ab
700 2521 841 2578 heretice
857 2542 925 2596 pra·
980 2519 1025 2572 tiae
1041 2534 1093 2573 seu
1110 2516 1258 2589 sapientire
1275 2517 1387 2584 tribuit,
1404 2535 1421 2573 u
1436 2517 1500 2575 luce
1515 2536 1545 2575 se
1561 2537 1699 2594 superne
1715 2524 1805 2597 cogni·

100 2612 200 2671 vitatis
233 2607 408 2681 muscipulis
440 2608 588 2681 captiosis.
619 2610 659 2664 Dc
688 2610 777 2681 hujus
805 2612 925 2685 capituli
980 2605 1069 2661 tionis
1084 2606 1220 2674 excludit,
1237 2604 1550 2663 cleoclaritatemveri
1563 2607 1689 2667 luminis
1700 2629 1803 2685 nequa·

102 2719 189 2759 sensu
205 2703 317 2755 veteres
332 2697 579 2753 Pravlestinutiani
600 2698 746 2769 dixerunt,
764 2701 840 2756 sient
854 2701 922 2774 Ygi-
980 2713 1068 2768 quam
1085 2698 1226 2767 penetrat,
1244 2712 1301 2767 quo
1318 2712 1348 2751 se
1373 2695 1451 2766 apud
1477 2712 1508 2751 se
1532 2714 1584 2769 per
1607 2701 1803 2773 arrogantiam

102 2807 158 2847 uus
173 2788 286 2854 scribit,
301 2791 330 2843 et
344 2792 463 2842 sauctus
480 2787 602 2859 Prosper
626 2787 807 2845 demonstrat
825 2791 925 2861 obiec—
979 2783 1097 2852 exaltat,
1115 2783 1192 2840 siout
1207 2784 1243 2840 de
1258 2783 1434 2856 quibusdam
1451 2784 1580 2841 dieitur:
1595 2787 1723 2845 Picentes
1735 2792 1804 2845 enin

101 2879 180 2937 tione
192 2879 210 2931 e
224 2876 384 2943 Gallorum,
401 2876 479 2947 quod
494 2892 552 2930 non
569 2891 620 2947 pro
646 2876 737 2931 totius
760 2878 862 2933 mundi
880 2895 924 2935 re·
978 2889 1007 2930 sc
1021 2891 1078 2930 csse
1091 2876 1235 2946 sepimine,
1251 2874 1330 2928 stulti
1342 2875 1410 2943 fracti
1422 2882 1487 2955 surrt
1498 2875 1586 2943 (item.
1603 2893 1625 2942 r,
1640 2879 1699 2944 22).
1710 2877 1803 2951 Serip-

100 2965 267 3040 demptione
282 2964 413 3021 Salvator
432 2963 471 3018 sit
494 2964 660 3020 crucifixus.
675 2965 709 3019 m
732 2965 801 3020 item
830 2967 925 3038 prima
980 2961 1803 3035 sitcnimqcridanrdelirus,quemsupramernoravimus,

98 3054 357 3112 vincentianorum
379 3050 542 3123 objectione
558 3069 565 3106 ε
583 3052 656 3118 Quin
670 3052 812 3109 Dominus
827 3059 926 3111 noster
979 3056 1080 3106 eontra
1095 3069 1147 3106 nos
1164 3050 1264 3105 dicens
1281 3067 1287 3104 :
1304 3074 1318 3100 u
1336 3051 1376 3106 De
1388 3052 1690 3124 secundminquieus,
1701 3055 1804 3112 ditsmi·

97 3145 184 3204 Jcsus
199 3141 334 3199 Christus
349 3158 406 3196 non
418 3157 469 3213 pro
481 3140 612 3196 omnium
624 3139 778 3196 hominum
789 3141 884 3199 salute
895 3148 924 3200 et
978 3140 1067 3205 tione,
1084 3156 1142 3211 que
1157 3139 1186 3194 in
1202 3138 1261 3195 illis
1274 3138 1410 3212 capitulis
1420 3139 1581 3196 diffinitum
1593 3145 1735 3215 estquod
1747 3144 1805 3201 nul

38 3274 41 3281 .
99 3230 298 3302 redemptione
312 3229 350 3285 sit
365 3245 480 3299 passus.
496 3229 531 3283 m
546 3227 755 3285 Gotbescalous
779 3247 920 3287 novorum
938 3208 959 3275 C
979 3227 1025 3284 lus
1041 3227 1128 3283 homo
1144 3232 1198 3294 est,
1212 3226 1266 3282 tuit
1282 3227 1324 3282 vel
1340 3227 1404 3293 crit,
1421 3245 1472 3300 pro
1483 3245 1541 3300 quo
1552 3228 1690 3288 Christus
1700 3250 1804 3305 passus

96 3318 422 3377 Praedestinatiauorum
434 3315 597 3388 signiter,iu
610 3315 707 3373 libello
719 3319 754 3373 ad
767 3319 921 3377 itabanum

95 3407 348 3481 archiepiscopum
365 3405 580 3478 Mogentinum,
597 3404 638 3461 ite
653 3406 724 3461 dicit
739 3408 773 3462 ad
798 3405 895 3464 locum
912 3426 920 3465 t

96 3520 110 3549 a
128 3497 196 3554 lllos
210 3513 311 3552 omnes
334 3494 440 3567 impios
464 3498 493 3549 ot
515 3498 690 3567 peccatores,
706 3513 780 3568 quos
804 3497 921 3569 proprio

95 3588 160 3644 tuso
176 3585 318 3657 sauguine
334 3584 425 3639 Filius
440 3582 490 3638 Dei
506 3583 647 3638 redimere
663 3584 753 3651 venit,
766 3584 922 3641 hosenrni·

96 3675 223 3750 potentis
239 3673 288 3730 Dei
306 3672 421 3728 bonitas
436 3672 472 3726 ad
488 3671 578 3725 vitam
602 3673 824 3743 predestinatos
848 3675 920 3730 irre-

95 3762 287 3821 tractabiliter
301 3760 406 3817 salvari
422 3761 627 3815 tantummode
644 3761 711 3816 velit
727 3766 775 3817 :et
789 3780 920 3830 rursum,

95 3850 161 3907 illos
174 3866 276 3905 omnes
292 3847 397 3919 impios
410 3853 439 3903 et
453 3852 628 3920 peccatores,
646 3865 698 3920 pro
718 3850 827 3921 quibus
842 3850 920 3907 idem

97 3937 188 3996 Filius
203 3937 253 3992 Dei
268 3953 320 3991 nec
336 3952 442 4008 corpus
457 3936 629 4007 assumpsit,
642 3937 867 3994 uenerationem
884 3957 920 3995 ne

96 4025 160 4084 dieo
176 4024 349 4098 sanguinem
366 4023 450 4089 ludit,
463 4041 558 4096 neque
574 4041 625 4096 pro
637 4024 679 4080 cis
691 4025 749 4081 ullo
761 4028 847 4083 modo
858 4045 921 4084 cru·

95 4116 199 4173 eifixus
215 4115 279 4181 tuit,
292 4115 399 4187 quippe
410 4131 484 4186 quos
495 4113 639 4185 pessimos
651 4115 766 4172 tuturos
776 4134 839 4172 csse
851 4135 920 4189 prm-

94 4204 188 4271 scivit,
205 4220 337 4277 quosque
348 4202 515 4273 justissimo
529 4202 559 4256 in
575 4207 682 4257 aeterna
695 4204 919 4275 praecipitandos

94 4298 240 4350 tormenta
255 4291 418 4364 prefinivit,
433 4291 512 4363 ipsos
528 4290 647 4346 omnino
659 4291 801 4362 perpetim
813 4293 918 4350 salvari

94 4382 212 4453 penitus
228 4381 310 4436 nolit.
329 4403 343 4429 »
359 4380 483 4451 Scripsit
498 4383 526 4434 et
541 4377 668 4434 eliasub
683 4380 738 4435 boc
749 4397 837 4436 sensu
848 4382 920 4438 mul·

93 4467 232 4541 tipticiter
247 4468 427 4538 replicando.
441 4485 504 4540 qua
517 4467 565 4522 hie
582 4468 764 4540 supertluum
780 4468 919 4526 duximus

977 3332 1035 3372 non
1052 3315 1147 3381 tuerit,
1160 3316 1229 3389 quid
1241 3315 1320 3371 aliud
1333 3316 1508 3388 respondere
1518 3334 1692 3389 possumus,
1705 3321 1762 3378 uisi
1774 3326 1804 3377 ut

977 3405 1105 3479 primum
1120 3405 1200 3477 ipsos
1213 3405 1263 3477 qui
1276 3405 1329 3460 hoc
1341 3404 1524 3461 diffinierunt
1534 3406 1638 3464 sedulo
1650 3408 1804 3482 interrege

978 3511 1054 3561 mus,
1071 3499 1099 3550 et
1113 3495 1336 3559 orlruonramus,
1354 3493 1550 3566 utvigilanter
1561 3498 1590 3551 et
1601 3496 1802 3572 tideliterpcu·

977 3599 1041 3639 sare
1056 3584 1202 3647 studeant,
1221 3600 1255 3638 no
1268 3584 1340 3639 t'orte
1362 3582 1460 3638 minus
1487 3582 1703 3643 considerando
1727 3589 1802 3660 quod

976 3671 1133 3727 dicendum
1149 3676 1221 3737 crat,
1235 3678 1336 3726 contra
1350 3671 1436 3726 tidem
1451 3676 1479 3726 et
1493 3671 1707 3730 conscientiam
1719 3693 1800 3732 suurn

974 3758 1045 3814 tatia
1060 3758 1184 3814 dixerint
1194 3765 1223 3815 et
1233 3758 1412 3832 scripserint.
1420 3759 1493 3815 Nam
1505 3763 1538 3815 ut
1548 3765 1702 3820 taceamus
1712 3765 1747 3821 dc
1756 3764 1801 3821 bis

975 3846 1026 3920 qui
1041 3863 1120 3903 nune
1136 3852 1216 3914 sunt,
1232 3848 1275 3903 vel
1287 3847 1383 3903 adhue
1394 3864 1488 3920 usque
1498 3849 1534 3904 ad
1546 3849 1636 3906 finem
1650 3853 1749 3909 saculi
1761 3853 1801 3909 lu·

976 3936 1033 3992 turi
1050 3940 1130 4003 sunt,
1142 3936 1171 3991 in
1181 3936 1288 4009 quibus
1298 3937 1398 4009 utique
1406 3935 1604 3994 Antichristus
1613 3939 1759 4008 erit,eerte
1766 3941 1800 3998 de

975 4024 1239 4081 illainnumerabili
1251 4024 1334 4081 multi
1340 4024 1674 4100 tudineimpiorum,qui
1683 4029 1800 4086 fuerunt

974 4114 1010 4170 ab
1026 4112 1109 4169 initio
1125 4114 1226 4169 mundi
1242 4131 1334 4185 usipus
1349 4114 1385 4168 ud
1401 4113 1558 4170 adveutum
1573 4115 1704 4184 Domini,
1720 4123 1749 4174 et
1769 4117 1797 4174 iu

974 4221 1029 4259 sua
1043 4203 1193 4275 impietate
1207 4202 1313 4257 mortui
1329 4209 1358 4258 ct
1378 4203 1493 4259 veternis
1517 4203 1612 4275 poenis
1637 4210 1709 4262 suut
1731 4223 1797 4263 con-

975 4292 1113 4358 demnati,
1131 4308 1184 4346 nec
1200 4289 1280 4363 ipsos
1296 4291 1345 4363 qui
1361 4291 1415 4348 hoc
1430 4292 1567 4348 dixerunt
1581 4293 1701 4351 credere
1716 4300 1798 4368 puta·

974 4397 1052 4445 mus,
1068 4380 1145 4452 quod
1163 4397 1214 4452 pro
1239 4379 1337 4435 bisin
1363 4397 1417 4435 sua
1441 4380 1592 4453 impietate
1618 4384 1755 4450 mortuis,
1771 4386 1798 4440 et

973 4473 1080 4523 aeterno
1092 4469 1154 4539 jam
1166 4468 1278 4538 judicio
1294 4468 1508 4536 condemnatis,
1526 4467 1671 4527 Dominus
1692 4486 1797 4544 passus

93 4571 210 4628 ponere,
223 4572 290 4610 cum
301 4555 370 4610 binc
381 4556 505 4628 quisquo
516 4573 635 4612 sensum
647 4555 728 4612 illius
739 4557 920 4615 suitleienter
935 4575 957 4640 υ
972 4573 1036 4612 esso
1051 4557 1214 4612 credendus
1228 4556 1276 4612 sit.
1294 4557 1323 4611 Si
1340 4556 1417 4612 enim
1428 4573 1480 4628 pro
1492 4556 1538 4612 his
1549 4573 1657 4628 passus
1666 4576 1733 4616 esse
1742 4576 1798 4616 ere-

94 4643 188 4716 possit
211 4659 393 4715 cognoscere.
415 4645 538 4715 Scripsit
561 4651 590 4700 ct
613 4646 718 4701 domus
740 4646 917 4704 Prudentius

93 4729 124 4788 in
140 4748 215 4804 sape
231 4736 391 4787 memorata
406 4732 574 4804 epistolaad
586 4734 767 4791 wenilonem
778 4736 918 4809 arehiepi-

93 4836 216 4893 scopum
241 4834 339 4885 suum‚
365 4820 601 4891 pro'ordinando
624 4822 714 4878 AEnea
738 4823 916 4881 Parisiorum

93 4908 241 4983 episcopo,
257 4906 385 4979 capitulo
401 4909 427 4969 3,
443 4907 542 4962 dicens
559 4925 565 4964 :
583 4932 597 4960 κ
614 4909 651 4965 Ut
666 4912 765 4966 credat
781 4916 809 4966 et
823 4915 915 4969 contr-

93 5003 190 5056 teatur
203 5012 272 5052 cum
286 4995 424 5050 omnibus
439 4994 599 5063 catholicis,
613 4998 787 5069 sanguinem
798 4999 915 5056 Domini

94 5088 186 5145 nostri
202 5087 271 5143 Jcsu
287 5084 394 5140 Christi
410 5102 461 5156 pro
476 5084 613 5139 omnibus
629 5085 798 5142 hominibus
809 5104 843 5143 ex
854 5092 914 5144 toto

971 4645 1060 4713 ditur,
1077 4661 1130 4700 cur
1144 4645 1232 4700 ctiam
1248 4662 1300 4716 pro
1316 4644 1432 4702 diabolo
1447 4644 1602 4718 clangetis
1616 4647 1796 4718 ejussimili·

971 4738 1015 4789 ter
1029 4751 1135 4805 passus
1150 4750 1214 4789 csse
1229 4751 1285 4788 nun
1299 4732 1449 4789 creditur?
1460 4756 1473 4784 n
1485 4733 1538 4788 Cui
1549 4736 1797 4793 convenienterex

971 4822 1126 4895 Evangelio
1140 4822 1236 4878 verbis
1255 4821 1416 4878 Dominicis
1440 4822 1616 4895 respondere
1639 4823 1794 4881 valemus:

970 4911 1056 4966 Erras
1073 4911 1206 4966 nesciens
1217 4909 1395 4983 Scripturas,
1407 4927 1500 4984 neque
1510 4911 1650 4968 virtutem
1664 4913 1799 4970 DeiPau·

970 4998 1016 5054 lus
1031 4998 1181 5072 apostolus
1196 4999 1285 5054 dicit:
1298 5003 1445 5073 [tinnitum
1459 4999 1534 5055 enim
1546 4999 1673 5074 usipetes
1688 5016 1797 5075 appare·

969 5089 1064 5143 tendit
1080 5088 1175 5156 (Hebr.
1193 5105 1224 5152 u,
1237 5089 1291 5158 re),
1306 5088 1376 5161 quin
1394 5089 1648 5156 Deus,sedsernen
1664 5091 1797 5148 Abscede)

93 5178 203 5233 mundo
219 5176 248 5230 in
265 5191 332 5230 eum
349 5171 536 5228 credentibus
552 5174 650 5228 tusum
668 5189 744 5229 :uon
755 5181 852 5231 autem
866 5194 917 5248 pro
971 5177 1176 5248 apprehendit.
1194 5176 1274 5232 Unde
1288 5177 1416 5233 loannes
1431 5176 1660 5251 Chrysostomus
1672 5194 1679 5232 :
1693 5201 1707 5228 «
1724 5178 1797 5245 Quia

92 5263 210 5336 illisqui
223 5279 376 5335 nunquam
389 5261 417 5316 in
429 5276 496 5315 curn
508 5260 762 5328 crediderunt,uec
773 5262 917 5338 hodieque
972 5282 1029 5320 non
1045 5281 1222 5337 quemquam
1240 5264 1410 5338 angelorum
1426 5264 1630 5338 apprehendit,
1642 5265 1673 5320 id
1683 5272 1728 5323 cst
1738 5284 1795 5322 non

93 5353 460 5424 creduntnunquamncc.
480 5349 592 5404 creditu
618 5351 829 5418 sunt.,‘dicuntc
853 5354 916 5424 ipso
970 5353 1127 5423 cujuslibet
1155 5352 1249 5425 angeli
1280 5359 1414 5409 naturam
1443 5353 1582 5426 suscepit,
1614 5353 1668 5409 scd
1696 5372 1797 5412 semen

94 5437 216 5493 Domino
228 5457 234 5494 :
248 5441 324 5496 Venit
337 5442 410 5496 enim
420 5440 498 5510 filius
509 5440 627 5494 leontinis
637 5455 693 5494 nori
702 5441 917 5508 calatunnam
969 5441 1090 5497 libralia
1106 5443 1375 5513 apprehenditNon
1388 5443 1468 5498 enirn
1484 5442 1596 5515 angelis
1608 5447 1692 5499 tanta
1701 5443 1796 5517 digni-

93 5526 260 5591 ministrare,
277 5536 302 5583 ct
315 5529 380 5584 dicre
396 5531 520 5584 unimam
541 5544 621 5582 sarrin
644 5527 853 5598 redemptionem
866 5547 916 5601 pre
969 5534 1015 5586 tas
1030 5530 1138 5584 ‹trinata
1152 5533 1206 5598 est,
1219 5536 1251 5585 ut
1264 5532 1293 5586 in
1311 5549 1369 5587 uria
1385 5549 1508 5604 persono
1521 5531 1572 5588 Dei
1585 5530 1680 5587 Pilius
1694 5548 1797 5590 eorum

92 5612 186 5667 multu
213 5613 314 5680 (ltettb.
340 5634 385 5681 xx,
410 5617 465 5690 28).
489 5641 503 5667 n
528 5618 561 5674 m
584 5615 764 5689 compositor
791 5615 915 5675 istorum
970 5623 1081 5674 natura
1096 5618 1323 5692 conjungeretur
1339 5637 1345 5674 :
1363 5620 1413 5675 scd
1429 5618 1507 5676 hunc
1522 5618 1706 5675 honoremet
1720 5618 1797 5677 bano
