3824 6096
124 297 187 363 ess
688 293 1242 386 ,nacevannrsvrmsnrc
1771 297 1832 361 sec

124 431 344 506 abominantur,
361 435 390 489 et
404 436 521 491 sanctos
536 432 585 507 qui
603 449 655 507 pro
669 432 789 491 veritate
804 451 898 508 usqne
912 435 949 490 ad
964 432 993 503 A
1007 434 1175 508 pastoribus
1189 433 1298 508 quibus
1313 432 1342 490 in
1359 434 1509 492 nativitate
1527 433 1684 492 salvatoris
1708 431 1831 508 angelus

125 525 251 580 mortem
265 522 495 590 decertaverunt,
519 522 549 578 in
573 540 699 596 quorum
724 523 876 597 perjuram
900 542 950 582 no·
1006 524 1143 596 apparuit
1158 525 1182 581 si
1198 524 1341 580 bonorum
1358 526 1456 580 actum
1467 524 1737 597 cogitationumque
1748 539 1832 580 mun-

124 611 215 677 mine,
227 627 285 667 non
301 610 461 683 adjutores,
473 611 523 668 sed
537 612 652 685 judices
667 617 695 669 ct
709 614 950 670 condemnatores
1006 613 1110 668 darum
1125 611 1179 668 sibi
1192 617 1332 685 aggregat
1345 611 1564 668 multitudinem
1575 617 1604 668 ot
1611 614 1760 683 justorum
1772 628 1832 668 mo

124 701 157 757 in
172 698 304 756 districtc
319 699 452 756 examine
466 699 624 769 invenient,
636 719 710 774 quos
721 703 816 759 socios
831 703 861 758 ia
876 703 950 759 veri·
1005 701 1155 757 duramina
1171 701 1345 773 gubernare,
1357 698 1524 756 caelestibus
1547 700 1763 772 Scriptumrum
1778 717 1830 773 pa·

123 788 196 845 tatis
210 793 299 861 atque
309 787 433 860 justitia
456 789 618 846 assertione
643 790 751 847 habere
766 796 951 865 contempse·
1004 789 1083 864 ginis
1098 794 1126 846 et
1142 791 1285 846 bonerum
1301 805 1421 862 eperum
1448 787 1588 861 exemplis
1612 787 1734 858 nutrire,
1745 794 1774 846 et
1786 790 1829 845 vi·

123 880 204 947 runt,
215 880 246 933 et
259 875 456 934 testificationi
473 896 533 935 suae
556 877 694 936 falsitatis
710 884 799 937 testes
818 881 950 938 veritatis
1005 878 1056 952 gili
1072 878 1191 953 solertia
1206 884 1308 937 contra
1330 879 1550 935 immundorum
1577 877 1734 950 spirituum
1758 877 1829 935 insi·

123 964 335 1034 adhibuerunt,
345 965 396 1038 qui
412 983 480 1022 cum
496 966 619 1025 Domino
630 972 663 1023 ut
671 969 749 1025 siras
759 969 948 1043 sanguinum,
1005 968 1069 1025 dias
1084 985 1198 1025 servare
1214 968 1374 1024 contendit.

122 1052 166 1110 ita
179 1058 208 1110 et
219 1052 337 1110 dolosos
346 1053 642 1129 abominantur,quia
652 1074 777 1129 quorum
789 1057 893 1114 animm
909 1059 949 1114 in·
1040 1058 1075 1113 ut
1090 1061 1158 1112 sunt
1173 1056 1293 1130 quidam
1305 1057 1354 1130 qui
1371 1057 1459 1113 otiam
1473 1055 1651 1113 curiositatis
1663 1055 1768 1111 vitium
1784 1055 1830 1112 in·

123 1146 173 1199 tus
189 1141 400 1216 omnipotentis
414 1142 758 1215 Deiclaritatemvident,
771 1145 950 1203 nullomodo
1005 1149 1050 1202 ter
1063 1146 1197 1218 graviora
1211 1149 1329 1219 peccata
1344 1163 1401 1202 non
1417 1148 1598 1218 computant,
1610 1146 1659 1201 sed
1676 1144 1828 1201 falluntur.

124 1230 303 1287 credendum
318 1229 448 1302 estquis
467 1232 507 1287 sit
534 1231 604 1288 loris
627 1231 737 1306 aliquid
764 1236 842 1307 quod
867 1234 950 1309 igno·
1004 1235 1094 1291 Grave
1115 1252 1242 1307 namque
1266 1237 1311 1290 est
1335 1233 1513 1290 curiositatis
1535 1234 1650 1297 vitium,
1666 1252 1731 1307 qum
1757 1234 1828 1290 dum

123 1324 203 1389 rent;
223 1324 254 1376 et
277 1318 349 1376 nibil
365 1319 394 1375 in
410 1325 543 1377 creatura
567 1321 664 1395 agitur
678 1324 755 1396 quod
770 1326 867 1382 videre
892 1342 949 1381 non
1004 1322 1163 1396 cujustibet
1173 1327 1300 1378 mentem
1313 1323 1349 1377 ad
1363 1321 1593 1394 investigandam
1604 1321 1692 1377 vitam
1704 1323 1828 1395 proximi

124 1409 250 1483 possint,
274 1412 303 1466 et
325 1425 388 1480 quae
418 1409 617 1467 abominanda
640 1410 806 1470 illustrante
829 1415 951 1471 veritate
1004 1412 1131 1471 exterius
1147 1414 1237 1481 ducit,
1250 1429 1365 1486 semper
1384 1412 1409 1468 ei
1424 1429 1479 1467 sua
1495 1411 1599 1467 intima
1613 1411 1778 1479 abscondit,
1795 1415 1829 1466 ut

124 1500 315 1572 cognoscunt,
331 1497 425 1554 eidem
448 1498 561 1555 veritati
588 1500 762 1559 inhaerentes
777 1502 949 1559 abominari·
1004 1502 1100 1558 atiena
1115 1502 1213 1559 sciens
1228 1519 1260 1558 so
1281 1501 1443 1568 nesciebat
1456 1499 1564 1556 curiosi
1578 1499 1828 1572 animus‚quanto

124 1589 181 1644 tur.
198 1584 256 1643 Nec
272 1591 370 1643 tamen
395 1604 496 1644 earum
519 1588 710 1646 beatitudinis
724 1589 886 1648 claritatem
902 1592 950 1648 iu·
1004 1591 1116 1664 peritus
1127 1590 1214 1646 luerit
1223 1590 1310 1646 alieni
1322 1589 1430 1657 meriti,
1442 1592 1522 1644 tauta
1534 1589 1582 1645 liet
1592 1587 1712 1662 ignarus
1723 1586 1769 1644 sui
1781 1605 1788 1642 τ
1800 1591 1829 1645 et

125 1678 186 1733 scat
201 1679 320 1748 aspecta
342 1674 483 1748 iniquitas
497 1676 541 1733 vel
557 1695 644 1751 poena
667 1681 857 1752 reproborum
874 1698 881 1736 ε
899 1681 949 1736 scd
1004 1696 1080 1753 sape
1090 1680 1161 1735 dum
1171 1678 1305 1735 curiosus
1316 1677 1441 1751 quisquc
1452 1694 1515 1750 quar
1527 1681 1595 1733 sunt
1608 1677 1702 1734 alione
1713 1677 1829 1734 investi·

125 1764 222 1838 potius
237 1764 306 1821 hinc
321 1782 421 1822 earum
436 1765 578 1839 gaudiam
595 1767 789 1838 crescit,cum
806 1768 950 1827 malalai·
1004 1773 1064 1843 gat,
1078 1786 1163 1825 suam
1187 1768 1353 1825 molestiam
1374 1766 1490 1838 excitat,
1506 1766 1582 1823 sicut
1601 1766 1682 1823 canis
1706 1766 1768 1838 apri
1784 1765 1850 1829 vel,

125 1871 249 1929 quorum
264 1853 460 1927 conspiciunt,
476 1855 553 1927 quod
569 1854 620 1911 Dei
637 1856 839 1915 misericordia
853 1875 949 1916 erase-
1003 1857 1078 1915 cervi
1094 1858 1240 1932 sagaciter
1252 1855 1377 1930 vestigia
1396 1855 1567 1930 insequens,
1578 1855 1725 1912 consecuti
1741 1856 1828 1912 dente

125 1946 207 2011 runt;
228 1946 258 2000 et
279 1946 360 1999 tento
386 1944 514 2015 majores
539 1944 664 2017 ereptori
689 1963 742 2002 suo
768 1948 877 2022 gratias
902 1964 949 2004 re·
1001 1946 1045 2003 vel
1063 1963 1153 2003 cornu
1168 1945 1346 2020 peritUnde
1359 1947 1431 2002 bene
1446 1961 1561 2019 quoque
1576 1961 1627 2016 pcr
1641 1944 1827 2002 Salomonem

126 2031 233 2101 lerunt,
245 2036 355 2106 quante
368 2031 468 2088 rident
489 2030 519 2086 in
543 2031 609 2089 aliis
624 2036 701 2105 qnod
725 2035 780 2108 ipsi
797 2037 908 2111 perpeti
924 2037 952 2093 si
1003 2036 1127 2093 dicitur:
1143 2037 1250 2092 Cernetis
1268 2034 1437 2091 sermonibus
1452 2049 1515 2109 que
1528 2033 1659 2095 dictentur
1675 2050 1710 2089 ne
1727 2050 1829 2090 arecon

125 2124 224 2179 essent
251 2119 345 2176 relicti
369 2124 537 2192 potueruut,
553 2124 583 2178 et
608 2123 782 2194 predicente
805 2127 924 2183 veritate
941 2143 947 2182 τ
1002 2125 1092 2182 nwdes
1106 2134 1302 2194 contremere
1316 2127 1385 2196 tbrte
1401 2124 1499 2179 audies
1513 2140 1621 2179 serrum
1643 2130 1720 2178 tuem
1742 2123 1828 2179 ente·

127 2210 208 2268 Testes
223 2209 312 2282 [abac
325 2224 379 2265 nen
394 2210 447 2265 erit
463 2211 613 2283 impunitus
628 2212 826 2284 (Prov.x1x,5,
840 2214 894 2288 9));
911 2215 951 2270 vi·
1003 2215 1135 2270 dicentem
1149 2215 1209 2270 tibi.
1226 2214 1282 2269 Scit
1305 2215 1380 2269 etrier
1402 2213 1568 2268 cereseientie
1591 2219 1637 2267 tue
1660 2213 1727 2283 quia
1750 2218 1775 2267 et
1799 2217 1829 2267 tet

124 2297 229 2355 delicet
244 2296 294 2370 qui
309 2302 360 2354 aut
370 2297 497 2354 scienter
506 2303 607 2355 contra
616 2301 765 2358 veritatem
783 2302 857 2360 laisa
871 2302 950 2359 testi·
1003 2303 1096 2359 erebro
1109 2302 1280 2358 praedixisti
1293 2301 1461 2370 etiisOEeeti.
1473 2304 1578 2367 r11,22,
1590 2300 1646 2368 23).
1659 2300 1733 2355 Dum
1750 2299 1829 2354 enim

124 2387 239 2456 fleatur,
252 2390 303 2442 aut
315 2402 383 2443 vera
409 2390 441 2442 ut
456 2387 607 2444 veritatem
632 2395 785 2461 pervertat,
801 2396 829 2449 et
852 2392 949 2448 studio
1004 2408 1163 2464 pensamus
1178 2390 1279 2463 quates
1294 2407 1363 2463 erga
1385 2389 1458 2445 alios
1473 2387 1595 2453 luimus,
1606 2404 1670 2443 esse
1684 2388 1761 2443 circa
1776 2404 1830 2443 nos

121 2475 330 2550 impunitionis
344 2475 446 2532 recitet
455 2477 553 2547 juxta,
565 2476 638 2534 tates
649 2482 736 2536 testes
745 2480 826 2537 velut
835 2479 949 2537 veritati
1003 2480 1076 2536 tates
1092 2479 1165 2536 alios
1179 2480 1278 2534 minus
1292 2478 1435 2547 dolemus,
1448 2478 1518 2550 quia
1533 2476 1628 2532 aliena
1639 2475 1785 2548 injustitia
1799 2477 1830 2533 in

121 2564 335 2622 concordantes
345 2562 500 2620 exsultant.
511 2566 546 2621 at
561 2571 630 2622 sunt
641 2567 772 2639 quidam,
784 2570 833 2642 qui
849 2587 906 2625 non
919 2587 950 2626 se
1004 2569 1089 2626 nobis
1103 2568 1233 2624 vindicat
1247 2568 1324 2640 quod
1342 2567 1369 2621 in
1387 2584 1417 2622 se
1434 2571 1534 2623 nostra
1553 2564 1731 2623 conscientia
1744 2582 1830 2622 accu-

120 2651 188 2710 ledi
205 2656 257 2710 aut
272 2651 364 2709 levius
379 2651 444 2708 lardi
460 2657 573 2727 putant,
586 2655 609 2710 si
627 2673 685 2711 nen
700 2656 757 2730 ipsi
774 2674 825 2731 per
835 2674 866 2714 se
878 2658 949 2714 t'also
1004 2662 1059 2715 sat.
1073 2658 1176 2714 Probet
1189 2660 1285 2713 nutem
1299 2656 1428 2728 seipsum
1440 2655 1574 2710 curiosus
1589 2654 1687 2720 homo,
1698 2656 1728 2711 et
1743 2654 1785 2711 sic
1800 2655 1830 2711 in

117 2741 165 2799 vel
182 2740 283 2799 dolose
300 2742 413 2814 jurant,
430 2743 481 2798 sed
496 2741 568 2799 alios
584 2761 635 2817 pro
655 2762 687 2800 se
707 2762 763 2801 sua
777 2746 838 2803 vice
849 2747 951 2819 jurare
1004 2763 1035 2802 se
1050 2750 1164 2801 tantum
1180 2743 1304 2818 gloriam
1320 2743 1450 2809 babebit,
1466 2747 1495 2798 ct
1512 2760 1570 2800 non
1585 2742 1616 2799 in
1632 2741 1733 2808 altero,
1745 2745 1831 2816 cujus

115 2833 258 2891 faciunt:
275 2836 304 2890 et
318 2850 376 2889 non
392 2833 548 2890 attendunt
564 2834 635 2907 quia
650 2834 679 2890 in
700 2853 733 2893 ec
749 2838 816 2909 jure
831 2842 882 2893 aut
898 2836 949 2893 lal-
1003 2834 1092 2890 vitam
1104 2834 1230 2906 exquirit
1240 2837 1268 2888 et
1279 2832 1391 2888 merita.
1403 2832 1475 2886 Nam
1488 2834 1557 2886 sunt
1567 2830 1617 2903 qui
1628 2846 1659 2886 se
1673 2836 1832 2904 praepoten-

111 2921 200 2980 Jeute
215 2921 332 2978 diabolo
348 2921 544 2995 decipiuntur,
556 2928 608 2979 aut
627 2923 738 2997 seipsos
753 2925 879 2981 scienter
895 2926 950 2998 ipsi
1005 2927 1049 2980 tes
1065 2923 1169 2996 puiant
1183 2938 1247 2978 esse
1261 2921 1291 2976 in
1308 2919 1465 2988 secutast
1480 2936 1537 2974 non
1558 2917 1725 2992 intelligunt
1740 2937 1829 2992 quam

104 3012 155 3070 nd
169 3011 389 3085 deprecandum
401 3011 591 3085 demergunt:
604 3013 639 3069 de
649 3013 787 3086 qualibus
797 3014 867 3071 dicit
878 3016 952 3071 Scri·
1005 3011 1064 3069 sint
1079 3011 1147 3066 vilia
1162 3009 1308 3082 mancipia
1322 3008 1392 3065 vitia
1411 3007 1589 3065 curiositatis
1607 3008 1771 3065 sortientia.
1789 3007 1829 3065 De

105 3104 221 3176 ptura,
238 3100 406 3156 Descendunt
429 3103 458 3156 in
482 3102 624 3171 insenum
648 3104 766 3160 tricantes
789 3106 876 3175 (Pset.
895 3123 949 3173 arv,
1005 3119 1130 3175 quorum
1147 3100 1299 3174 impotenti
1324 3099 1454 3172 potentia
1480 3099 1599 3171 quidam
1624 3096 1786 3154 catholicus
1801 3101 1830 3154 ct

108 3189 178 3260 16),
195 3187 226 3245 id
242 3192 287 3244 est
301 3188 442 3245 labuntur
457 3189 486 3245 in
502 3194 653 3262 peccatum
669 3191 805 3249 scientes.
818 3193 851 3248 lli
866 3178 986 3248 nimi-G
1004 3191 1152 3265 sapientire
1168 3188 1344 3246 nescientia
1364 3189 1463 3244 mirltee
1488 3186 1691 3259 philosophus,
1707 3185 1737 3243 in
1753 3202 1828 3260 quo·

103 3294 190 3336 rum
202 3282 286 3334 tauto
299 3277 416 3351 gravius
432 3282 563 3352 peccant,
576 3284 686 3352 quanto
699 3299 758 3337 non
772 3282 826 3338 soli
840 3281 870 3338 in
884 3300 950 3355 pee—
1005 3282 1073 3337 dam
1090 3298 1142 3337 suo
1159 3279 1243 3347 libro,
1255 3278 1414 3350 unicuique
1430 3276 1572 3333 fallaciter
1587 3275 1695 3348 potenti
1711 3278 1740 3332 et
1753 3292 1831 3333 vera-

99 3373 188 3426 mato
200 3365 380 3436 moriuntur,
393 3368 443 3424 sed
460 3385 491 3425 se
504 3373 533 3425 et
544 3385 678 3441 eosquos
692 3369 727 3425 ad
740 3372 950 3443 perjurandum
1005 3370 1077 3426 citer
1093 3369 1245 3441 impotenti
1262 3368 1333 3423 dicit
1348 3368 1451 3438 (beet,
1463 3365 1496 3422 de
1506 3366 1697 3423 Consolatione
1712 3364 1829 3433 Pierios,

97 3456 260 3522 mittunt,
273 3455 329 3511 nisi
345 3473 397 3529 per
407 3457 609 3529 peonitentiam
620 3458 814 3531 corrigentur,
825 3459 854 3515 in
867 3461 953 3517 inlcr·
1006 3458 1057 3515 lib.
1075 3460 1117 3531 111)
1136 3475 1142 3512 :

96 3561 194 3605 num
211 3543 391 3618 dimergunt.
403 3546 438 3601 m
452 3544 520 3602 licet
535 3545 577 3601 illi
592 3546 622 3601 in
639 3546 810 3619 hujusmodi
825 3550 952 3622 perjurio
1209 3573 1313 3621 Etenim
1326 3571 1388 3621 geg
1401 3570 1491 3620 tndten
1504 3571 1584 3635 longe

99 3632 307 3712 peccentqui
320 3633 502 3704 juraverunt,
515 3633 557 3689 illi
574 3639 671 3690 tamen
685 3635 735 3707 qui
749 3636 832 3693 irrita
842 3638 954 3695 iaciunt
1209 3634 1295 3684 Tellus
1310 3637 1356 3706 itm
1367 3634 1429 3706 1⁴¹³,ss
1444 3634 1589 3712 iissfflitfflb

83 3724 292 3796 juramenta
300 3738 354 3777 sua
362 3722 423 3779 vice
429 3723 538 3795 jurata,
548 3723 819 3781 sicutDominused
828 3726 953 3783 Pilatum
1210 3698 1241 3746 Et
1256 3701 1354 3746 *emat
1370 3695 1463 3745 ”mma
1480 3696 1569 3756 rhum*

92 3811 206 3879 dixit,
220 3809 308 3882 trefae
330 3819 469 3883 peccetum
492 3813 592 3869 babent
608 3814 696 3881 (icen.
713 3831 771 3882 arx,
783 3816 837 3883 ll),
854 3814 955 3885 idest,
1209 3759 1619 3885 ἶιῗέῗῑῗειῗξῖᾓυιὲῗιινιὲᾞυθεῖἒῗὲἑ

93 3901 165 3979 qui
187 3898 268 3956 alios
283 3914 403 3970 peccare
418 3899 559 3966 lecerunt,
572 3904 600 3955 ct
615 3918 667 3973 pro
683 3902 772 3957 tantis
788 3902 827 3958 rei
844 3904 874 3959 in
890 3922 954 3959 con·
1211 3886 1269 3934 N⁰¹¹
1280 3899 1367 3947 ΡΜ·
1379 3887 1501 3947 9⁰²⁰¹¹²¹³
1516 3898 1570 3933 ¹¹⁰⁰
1584 3886 1631 3933 θεῖ·

94 3992 230 4066 spectu
249 3987 300 4042 Dei
318 3987 475 4054 habentur,
491 3987 591 4068 addita
611 3993 640 4045 et
664 3990 768 4045 animm
784 4009 843 4047 sum
858 3993 954 4066 culpa,
1045 3992 1189 4059 (Pastorut.
1202 3990 1251 4045 lib.
1265 4008 1306 4056 nr,
1318 4007 1381 4061 cap.
1393 3990 1438 4063 221)
1451 4007 1474 4045 :a
1487 3991 1521 4045 llt
1543 3993 1613 4044 srrnt
1635 3989 1769 4046 nonnulli
1786 3989 1837 4062 qui

93 4080 257 4156 quantos
267 4075 297 4131 in
306 4074 467 4149 perjurium
478 4077 763 4145 mittunt,ctdicente
772 4080 894 4136 Domino
905 4099 958 4154 per
1011 4097 1068 4135 non
1084 4080 1241 4134 attendunt
1256 4095 1345 4150 quam
1368 4077 1569 4150 multipliciter
1585 4078 1774 4149 peccent,qui
1791 4094 1837 4133 se-

92 4165 302 4244 propbetam
314 4165 420 4237 (Eaccb.
432 4166 537 4239 xxxiv),
549 4167 619 4239 qnia
641 4170 711 4223 sicat
733 4184 793 4224 oues
817 4170 849 4225 de
871 4187 958 4227 neena
1012 4167 1152 4224 minando
1168 4166 1345 4222 discordiam
1361 4165 1438 4220 inter
1452 4167 1566 4233 fratres,
1578 4165 1762 4232 charitatem,
1773 4181 1837 4236 qua

85 4256 256 4331 pastoris,
274 4253 314 4309 ita
329 4258 358 4310 et
373 4254 439 4311 illos
453 4253 504 4328 qui
524 4255 700 4328 subjectioni
716 4273 775 4312 sua
790 4257 958 4315 obedientes
1012 4255 1152 4312 nimirum
1168 4253 1309 4309 virtutum
1325 4256 1371 4309 est
1389 4253 1522 4309 omnium
1543 4256 1646 4322 mater,
1657 4252 1836 4324 exstingunt.

87 4359 229 4407 norum
242 4342 407 4399 selectione
419 4342 632 4417 perjurant,vol
645 4343 701 4400 alio
712 4345 842 4417 quolibet
852 4347 959 4405 scelere
1013 4344 1156 4413 Quoniam
1173 4346 1271 4399 autem
1288 4341 1361 4398 nibil
1377 4345 1422 4397 est
1435 4339 1594 4412 pretiosius
1610 4339 1668 4395 Dea
1680 4338 1787 4394 virtute
1798 4337 1840 4394 di-

87 4433 313 4509 polluantur,
325 4431 361 4487 de
372 4448 462 4488 manu
474 4430 591 4488 illorum
603 4432 740 4505 requiret,
752 4434 801 4506 qui
817 4435 873 4492 sibi
884 4454 960 4493 com·
1013 4431 1236 4498 lectionis‚nihit
1249 4428 1471 4487 desiderabilius
1482 4432 1527 4483 cst
1540 4426 1656 4484 diabolo
1669 4426 1839 4483 exstinctio·

89 4524 239 4583 missos
256 4535 376 4592 peccare
395 4519 535 4577 fecerunt.
552 4521 614 4576 Non
630 4521 709 4577 enim
736 4523 790 4578 soii
816 4529 962 4602 pastores,
979 4546 1003 4612 D
1018 4539 1054 4577 ne
1064 4521 1227 4586 charitatis,
1237 4518 1373 4592 quisquis
1391 4516 1481 4590 igitur
1501 4514 1673 4571 seminando
1686 4515 1841 4590 jurgiedi·

88 4607 273 4688 episcopi,
300 4609 472 4682 presbytcri,
502 4613 532 4666 ct
559 4609 683 4679 diaconi,
715 4616 960 4672 monasteriorum
1018 4602 1844 4680 lectionemproximorumperimit,bostiDeisamiliarius

91 4705 261 4759 rectores
276 4701 345 4753 sunt
361 4697 552 4771 intelligendi,
567 4698 617 4754 sed
635 4703 664 4755 et
678 4717 780 4756 omncs
795 4703 895 4760 fideles
910 4707 960 4777 qui
1016 4699 1115 4764 servit,
1126 4697 1265 4769 quoniam
1281 4712 1340 4766 qna
1365 4693 1413 4749 itte
1437 4693 1548 4749 amissa
1571 4693 1685 4761 cecidit,
1697 4693 1774 4750 hanc
1789 4694 1843 4750 iste

89 4790 161 4850 vel
180 4785 318 4862 parvula
334 4803 393 4842 suae
409 4786 516 4843 domus
530 4789 694 4844 custodiam
710 4795 816 4863 gerunt
830 4798 961 4864 pastores
1015 4785 1175 4859 vulneratis
1195 4784 1332 4839 cordibus
1354 4781 1541 4849 subtrabens,
1557 4783 1600 4838 eis
1625 4782 1679 4839 iter
1693 4782 1843 4839 ascensio-

96 4881 206 4939 rectc
221 4877 377 4940 vocantur,
395 4874 583 4947 inquantum
599 4893 658 4932 sua
674 4877 773 4933 domui
789 4880 914 4938 sollicita
923 4883 963 4938 vi·
1016 4876 1063 4931 nis
1078 4873 1213 4930 abscidit.
1227 4895 1241 4921 »
1252 4872 1286 4926 m
1302 4876 1372 4927 sunt
1387 4869 1520 4926 nonnulli
1532 4871 1582 4944 qui
1600 4870 1675 4927 male
1685 4870 1845 4927 dulcoratis

96 4962 257 5041 gilantia
273 4967 412 5034 presunt.
425 4964 460 5019 m
470 4963 639 5037 quicunque
650 4965 753 5023 saltem
771 4968 819 5023 uni
831 4969 875 5025 vel
889 4971 961 5028 duo.
1016 4960 1247 5020 detractionibus
1263 4963 1333 5015 sunt
1351 4959 1473 5025 assueti,
1490 4977 1546 5016 nen
1568 4959 1751 5016 attendentes
1765 4957 1844 5029 quod

102 5052 181 5114 bue
199 5046 348 5108 fratribus
362 5050 534 5124 quotidiano
550 5053 691 5126 regimine
711 5061 824 5127 praest,
836 5060 962 5131 pastoris
1017 5049 1160 5108 Dominus
1175 5047 1257 5113 dicit,
1267 5049 1456 5104 Detrabentrm
1469 5056 1569 5104 secreto
1578 5050 1763 5118 praetensae
1773 5045 1846 5100 bunc

106 5142 246 5200 eisdem
270 5137 356 5196 debet
370 5139 510 5209 officium,
524 5140 595 5213 quia
618 5141 648 5197 in
672 5146 817 5215 quantum
843 5148 963 5219 suillcit,
1016 5135 1197 5213 persequetur
1219 5138 1304 5209 (Psel.
1329 5153 1385 5203 cve
1410 5137 1450 5203 5).
1475 5136 1570 5190 Morti*
1597 5134 1647 5189 lib·
1672 5149 1730 5197 tlt,
1745 5148 1770 5186 ⁰·
1786 5132 1846 5200 24·)

114 5243 256 5303 pascere
270 5243 319 5283 eos
338 5227 475 5301 dapibus,
493 5234 522 5285 et
543 5228 697 5300 hortando,
714 5231 902 5306 increpando,
918 5255 963 5293 ar.
1019 5229 1101 5285 Unde
1115 5231 1142 5282 ct
1158 5224 1296 5281 Salomon
1311 5225 1401 5280 dicit:
1414 5225 1476 5280 Noti
1490 5240 1547 5280 esse
1572 5225 1601 5277 in
1627 5221 1759 5275 conviviis
1772 5226 1847 5291 pote-

121 5316 263 5392 gucndc,
284 5315 457 5391 corrigendo
481 5318 578 5374 debet.
596 5318 657 5374 lma
682 5324 896 5397 unnsquisque,
914 5328 962 5399 qui
1019 5327 1121 5382 torum,
1137 5330 1223 5386 neque
1239 5316 1266 5369 in
1290 5313 1557 5369 eemrncssctionites
1572 5326 1665 5365 cortem
1687 5310 1737 5379 qni
1750 5325 1846 5365 eirenes

127 5408 223 5463 ctiam
240 5404 373 5476 privatus
387 5405 479 5462 vivere
494 5407 633 5473 creditur,
646 5412 772 5480 pastoris
783 5414 910 5470 allecium
925 5422 965 5473 te·
1019 5407 1055 5463 ed
1074 5403 1233 5461 dedendum
1252 5406 1396 5473 retinerent
1410 5403 1500 5471 (Ptfflt
1517 5415 1595 5463 xxm,
1611 5397 1668 5469 2⁸l·
1685 5396 1793 5452 Cbl'ssfls
1809 5398 1846 5453 fid

134 5500 191 5562 net,
204 5496 236 5550 et
251 5491 415 5565 spiritalem
439 5495 533 5567 puscit
547 5499 856 5574 gregem,vigitinsque
870 5507 965 5563 noetis
1018 5493 1196 5552 vescendum
1208 5491 1400 5555 eontcrrcest,
1411 5489 1439 5542 iu
1449 5486 1639 5542 collocutione
1650 5485 1847 5558 derogationis

137 5580 268 5641 custodit
283 5598 373 5655 supra
388 5582 483 5650 illum,
496 5584 574 5642 sicut
588 5584 618 5641 in
628 5584 783 5660 Evangelio
794 5590 919 5665 legimns
928 5596 965 5653 do
1019 5580 1150 5644 vicissim
1161 5579 1360 5653 proximorum
1371 5575 1439 5632 vitia
1451 5574 1555 5631 dicere.
1569 5573 1609 5631 De
1620 5590 1745 5646 quorum
1761 5591 1846 5650 paens
