3810 6098
54 340 135 405 ltldh
507 339 557 399 Du
581 337 813 400 desederunt
836 336 966 399 tttP'tU
990 336 1210 406 VlllUllltUM,
1235 338 1320 399 utu.
1682 338 1761 406 1026

55 472 224 530 formitates
236 470 329 542 inlligi
346 486 353 525 :
370 470 412 525 itu
428 474 461 525 ut
475 469 500 525 si
516 471 582 541 quis
605 469 659 527 boc
683 473 882 541 presumeret,
896 468 1024 539 Adrum
1037 470 1125 535 enim,
1141 467 1247 541 inquit,
1267 468 1320 525 dno
1344 473 1374 526 in
1397 487 1479 528 carne
1501 490 1559 528 aeno
1582 473 1686 541 (detta.
1703 491 1762 546 xix,

54 557 886 634 ejusdemservijustasmissioneplecteretur,eujussuh-
938 558 978 625 6),
993 557 1076 612 addit
1104 556 1201 613 adhuc
1229 557 1397 629 Apostolus,
1425 548 1548 618 diceus:
1565 564 1632 630 Viri,
1656 564 1766 637 diligite

50 649 182 723 lectione
195 647 305 719 injuste
320 648 433 703 abusus
448 646 563 703 luisset.
576 646 667 702 Multo
683 645 782 702 minus
793 645 885 702 occidi
939 663 1050 712 osores,
1065 655 1090 702 et
1104 648 1189 703 notite
1202 648 1294 703 amari
1305 663 1362 704 esse
1385 647 1420 703 ud
1441 651 1505 706 ittae
1519 650 1587 718 (Cel.
1604 669 1646 719 ιιι,
1662 654 1716 726 itt).
1732 653 1764 711 ai

55 754 125 795 eum
142 735 277 810 permisit
299 733 411 808 privala
434 734 545 791 domini
571 734 618 789 sui
642 733 843 807 indignatione
858 737 887 790 et
939 749 1008 806 ergo
1024 733 1078 789 viri
1093 750 1162 806 erga
1177 750 1281 791 uxores
1297 751 1367 791 suae
1382 750 1440 790 non
1455 735 1562 793 dehent
1576 754 1641 794 esse
1660 739 1763 808 amari,

55 828 155 888 lurore
173 841 179 882 :
196 825 275 897 quod
291 824 315 880 si
331 823 441 890 lecerit,
459 828 540 879 reatu
551 822 702 880 homicidii
712 823 887 879 condemna·
940 825 1050 893 quanto
1073 822 1173 880 minus
1196 821 1273 890 sevi,
1289 822 1432 890 crudeles,
1448 824 1572 891 cruenti,
1587 824 1701 883 nullum
1721 828 1764 884 eis

57 918 116 982 tur,
142 912 258 969 dicente
286 912 389 968 eadem
412 910 476 983 lege
492 928 499 966 :
515 913 572 981 Qui
593 913 756 982 percusserit
778 927 888 967 aertmm
941 914 1089 966 servantes
1098 909 1317 983 legem,nullam
1329 911 1764 984 rationemmullumjudielum,

56 1018 139 1058 suum
153 1000 196 1056 vet
211 1000 343 1055 aracillum
353 1001 581 1068 cinnamomum
595 1001 701 1071 facerint
715 1001 746 1054 in
759 1000 887 1055 amnibus
941 999 1019 1069 quod
1034 997 1123 1054 etiam
1138 1015 1207 1071 erga
1222 1015 1321 1055 servos
1337 998 1502 1057 Christiana
1517 999 1656 1073 religione
1670 1007 1766 1061 custo·

57 1091 128 1162 ejus,
142 1089 271 1144 criminis
286 1103 349 1143 rena
363 1089 417 1144 erit
430 1087 527 1156 (Exeat.
542 1105 599 1155 xxi,
615 1089 672 1157 20).
942 1085 1082 1141 diendum
1092 1090 1137 1143 est
1152 1104 1158 1141 ι
1173 1087 1223 1143 sed
1235 1103 1302 1143 mox
1312 1091 1345 1144 ut
1357 1087 1400 1144 eis
1410 1087 1767 1163 placuerit,iudignationa

93 1177 164 1234 Car.
180 1176 229 1234 XI.
245 1175 444 1247 Hnucjudicii
460 1180 488 1231 et
499 1175 623 1248 justitie
639 1175 807 1248 equitatem
823 1175 888 1232 bea·
941 1180 971 1231 et
986 1174 1083 1231 lurore
1108 1175 1199 1248 impio
1223 1175 1370 1246 concitati,
1387 1180 1529 1248 tanquam
1553 1180 1589 1236 ad
1609 1180 1767 1239 macellum

59 1271 109 1324 tue
123 1265 179 1323 tob
194 1281 265 1339 erga
279 1262 422 1321 familiam
439 1281 534 1334 suam,
551 1264 640 1322 etlam
664 1269 823 1336 antequam
842 1263 888 1321 lex
942 1261 1008 1319 illas
1024 1262 1129 1320 deduci
1143 1264 1252 1320 iaciant
1265 1263 1429 1332 laniandas,
1445 1269 1473 1322 et
1488 1283 1623 1325 cocorum
1644 1286 1769 1329 suorum

59 1354 108 1412 illa
124 1371 177 1426 par
191 1354 310 1426 Moysen
325 1354 453 1421 daretur,
470 1352 568 1409 divina
590 1353 782 1426 inspiratione
794 1357 823 1408 et
836 1369 887 1408 na·
942 1349 1060 1424 gladiis,
1078 1367 1158 1407 more
1173 1369 1325 1408 vervecum
1342 1358 1430 1426 atque
1454 1371 1608 1426 porcorum
1627 1359 1767 1417 emactari

58 1442 147 1501 turali
162 1442 395 1500 consideratione
415 1442 559 1508 servabat,
575 1442 653 1499 siout
676 1442 739 1515 ipse
764 1445 889 1498 testatur
942 1439 1169 1512 precipiant,vel
1181 1439 1236 1511 ipsi
1248 1440 1337 1496 etiam
1349 1457 1439 1497 manu
1452 1446 1481 1498 et
1491 1445 1768 1519 muci-omeproprie

60 1532 160 1588 dicens
172 1547 179 1585 ε
190 1531 223 1587 Si
236 1531 384 1602 contempsi
397 1532 490 1586 entire
498 1530 639 1603 judicium
651 1547 715 1586 eum
728 1546 802 1588 servo
816 1545 886 1596 naec,
942 1544 992 1585 eas
1006 1527 1226 1597 trucidaverint,
1238 1545 1424 1602 nequequam
1435 1530 1608 1604 semetipsos
1622 1533 1659 1589 ad
1673 1533 1768 1592 imita·

58 1628 83 1678 ct
96 1619 204 1675 ancillo
217 1635 289 1687 ntea,
304 1635 367 1674 cnm
381 1618 563 1690 disceptarent
582 1619 726 1675 moeream
749 1635 802 1674 nce.
814 1617 888 1689 Quid
942 1616 1053 1672 tionem
1069 1618 1185 1674 Domini
1201 1618 1270 1675 lesu
1295 1618 1402 1675 Christi
1427 1621 1576 1678 tradentes
1599 1638 1653 1694 pro
1666 1623 1719 1691 eis,
1736 1629 1769 1681 ut

58 1709 341 1779 wintoniensem
354 1709 506 1764 sarrexerit
521 1708 557 1765 ad
565 1708 749 1780 judicandum
766 1709 847 1775 Deus,
863 1716 890 1765 et
943 1704 1007 1761 illas
1024 1705 1207 1762 sanctificent
1222 1711 1250 1763 et
1261 1707 1413 1775 mundent,
1427 1708 1478 1764 sed
1490 1709 1659 1781 potiuszelo
1670 1711 1768 1769 libidi-

58 1814 121 1853 eam
149 1798 303 1868 quesierit,
318 1795 385 1867 qnid
413 1797 575 1869 respondeto
601 1798 665 1854 itti?
680 1796 809 1869 Nenqaid
833 1813 887 1852 non
903 1839 928 1906 B
944 1795 990 1850 nis
1007 1811 1066 1850 sue
1083 1795 1162 1867 ipsas
1177 1795 1207 1850 in
1218 1799 1358 1852 aeternum
1372 1795 1614 1869 disperdentes‚et
1625 1815 1767 1858 seearum

59 1889 89 1942 in
104 1894 182 1941 utero
195 1887 261 1956 fecit
273 1900 316 1940 me
330 1887 378 1955 qui
392 1893 417 1940 ct
434 1886 514 1940 ittam
529 1895 653 1958 operatus
679 1894 727 1953 est,
744 1903 776 1940 oc
789 1889 890 1956 torma·
944 1883 1087 1955 eanguine
1102 1884 1191 1957 impie
1207 1883 1389 1958 polluentes:
1406 1902 1473 1941 eum
1484 1886 1514 1942 in
1524 1887 1668 1958 ejusmodi
1680 1905 1768 1948 causa

61 1978 99 2031 uit
123 1991 166 2030 nte
190 1976 220 2029 in
245 1974 327 2030 vulco
350 1977 439 2029 unm?
454 1976 523 2045 (lod.
540 1991 616 2039 xxm,
633 1975 742 2044 13-15.)
766 1975 837 2030 lnde
860 1979 889 2030 et
943 1976 1024 2027 tanto
1036 1972 1149 2044 justius
1164 1973 1392 2045 exspectandum
1408 1979 1486 2030 osset
1500 1975 1665 2048 legitimum
1684 1979 1768 2050 judi-

60 2062 158 2122 eaucti
183 2062 285 2118 Patres
306 2064 410 2129 nostri,
427 2080 479 2136 pro
503 2063 672 2118 istiusmodi
696 2068 789 2139 reatu,
802 2063 843 2118 ita
858 2063 888 2119 in
943 2060 1033 2128 cium,
1051 2067 1162 2133 quanto
1178 2061 1293 2117 facilius
1309 2060 1436 2118 maritali
1449 2063 1509 2120 zelo
1520 2069 1769 2140 potestperpetra·

60 2154 153 2210 saeris
181 2151 343 2208 canonibus
372 2155 541 2207 statuerunt
562 2153 671 2222 (emnil.
702 2153 796 2222 Aqodt.
826 2168 887 2207 ean.
944 2151 967 2204 ri
984 2149 1185 2206 homicidium.

60 2243 106 2313 tl‘cl
125 2258 131 2296 :
151 2265 163 2290 ι
181 2240 211 2297 Si
227 2239 294 2311 quis
309 2256 424 2295 servum
448 2240 597 2312 proprium
623 2241 687 2296 sine
711 2239 890 2296 conscientia
979 2238 1652 2315 tlar.Xll.Delendantsequantumsoluntqui
1665 2244 1769 2317 hujus-

58 2329 170 2402 judicis
180 2328 329 2396 occiderit,
340 2329 642 2385 excommunicatione
652 2328 762 2384 biennii
775 2327 890 2384 allusio·
944 2326 1024 2383 modi
1040 2331 1119 2396 sunt,
1136 2328 1195 2382 sive
1210 2343 1262 2398 per
1276 2326 1364 2400 leges,
1380 2329 1406 2384 si
1422 2328 1487 2385 ullae
1500 2335 1579 2398 sunt,
1591 2334 1769 2401 mundanas,

62 2435 130 2476 nem
147 2416 300 2490 sanguinis
314 2416 452 2489 expiabit.
469 2440 483 2468 n
502 2418 574 2472 Nam
585 2416 697 2474 etllber
711 2415 891 2472 llcclesiasti·
945 2416 1004 2471 sivo
1013 2416 1299 2488 perconsuetudines
1309 2417 1566 2488 humanae,taman
1577 2421 1602 2478 si
1612 2422 1768 2480 Christiani

62 2525 116 2564 cus
130 2507 255 2579 loquens
270 2506 305 2562 de
316 2505 474 2577 disciplina
482 2505 594 2562 domini
605 2511 634 2562 et
643 2505 716 2561 servi
729 2505 889 2577 hocipsum
945 2510 1025 2574 sunt,
1042 2505 1136 2561 sciant
1148 2523 1179 2561 se
1193 2504 1224 2561 in
1239 2505 1286 2563 die
1295 2507 1402 2578 judieii
1417 2525 1469 2564 nec
1485 2509 1635 2583 Rornonis,
1647 2528 1700 2569 noe
1714 2514 1770 2570 Sa·

63 2595 236 2670 prescribit,
257 2594 358 2650 dicens
374 2611 381 2650 :
400 2595 587 2650 Verumtamen
609 2596 670 2650 sine
686 2594 794 2666 judmio
817 2593 891 2649 nstitit
945 2592 1019 2660 licis,
1036 2609 1088 2649 nee
1102 2593 1301 2660 Gundebadis,
1318 2596 1369 2651 sad
1385 2596 1493 2653 divinis
1506 2602 1535 2654 et
1550 2600 1770 2671 apostolicisle·

62 2686 150 2757 foetu
164 2683 543 2755 mattelhccli.xxx1u,30).
560 2683 595 2738 Et
609 2683 753 2755 praecipue
767 2684 890 2753 Aposto-
945 2682 1228 2754 gibusjudicandos.
1245 2685 1418 2755 Quanquam
1438 2685 1467 2741 in
1493 2703 1582 2759 regno
1605 2689 1769 2747 Christiano

62 2773 111 2831 lus
133 2773 176 2829 ita
200 2772 348 2840 admonet,
370 2770 470 2827 dicens
487 2785 494 2828 ε
510 2773 630 2840 Domini,
646 2770 717 2842 qnod
736 2770 841 2842 justum
866 2777 893 2826 et
945 2770 1033 2826 etiam
1049 2769 1113 2842 lpas
1128 2769 1767 2846 legespublicaeoportentesseChristianss,

62 2877 176 2935 aeqsam
196 2862 283 2917 servm
306 2867 444 2932 maante,
470 2861 635 2916 remittentes
658 2860 891 2926 minitantem
945 2860 1150 2915 convenientes
1159 2858 1293 2916 videlicet
1302 2863 1330 2916 et
1340 2865 1534 2918 consonantes
1545 2862 1768 2922 christianitati.

63 2950 136 3024 qaod
149 2958 176 3006 ct
189 2965 235 3006 voa
249 2948 393 3005 dominam
415 2948 521 3005 hebetia
544 2949 572 3003 in
588 2949 651 3004 ceto
666 2948 734 3017 (Col.
751 2964 789 3015 ιν,
806 2947 842 3020 1).
860 2946 890 3004 Si
946 2947 1004 3004 Lex
1019 2964 1145 3020 namque
1159 2947 1368 3021 omnipotentis
1380 2949 1656 3024 Deiintresspeeies
1666 2952 1770 3011 dividit

62 3041 156 3113 igitur
181 3039 211 3095 in
239 3037 328 3094 domo
357 3036 594 3115 uniuscujusque
621 3035 790 3105 Christiani,
809 3039 892 3092 tants
945 3036 1045 3092 omnia
1059 3053 1123 3108 quas
1137 3035 1311 3094 hominesin
1323 3038 1482 3095 mundanis
1493 3039 1710 3098 rehussubdita
1720 3042 1771 3099 ha·‘

63 3127 187 3201 equites
201 3130 231 3183 et
240 3126 356 3184 bonitas
368 3125 458 3183 etiam
470 3141 539 3199 erga
548 3125 683 3183 servilem
693 3125 890 3183 conditionem
946 3126 1013 3182 bere
1042 3124 1085 3182 vel
1116 3125 1265 3199 possidere
1295 3127 1441 3196 videntur,
1470 3145 1538 3187 eum
1569 3129 1599 3186 in
1633 3130 1769 3205 Decalogi

63 3217 209 3276 servanda
222 3219 267 3272 est
280 3215 357 3272 inter
371 3213 525 3272 dominum
536 3217 815 3286 etservum,quanto
825 3229 888 3270 ma·
903 3202 927 3274 C
945 3215 1096 3289 praecptis
1118 3215 1219 3273 detlnit
1232 3220 1262 3272 et
1276 3216 1347 3274 dicit
1363 3233 1370 3272 :
1386 3217 1446 3275 Non
1465 3217 1632 3276 desiderabis
1654 3236 1770 3277 uxerem

63 3308 148 3379 joret
159 3305 276 3363 uberior
291 3320 324 3361 ec
335 3302 449 3377 plenior
458 3303 650 3361 custodienda
659 3306 706 3360 est
714 3302 792 3359 inter
801 3302 891 3358 mari·
942 3306 1068 3377 proximi
1082 3307 1133 3370 tui,
1148 3321 1205 3361 non
1218 3321 1337 3372 anunm,
1351 3322 1405 3362 non
1429 3307 1571 3376 comitum,
1586 3324 1642 3365 non
1666 3308 1768 3377 taven,

63 3400 128 3452 tum
143 3399 173 3451 et
186 3391 892 3465 uxorem,intervirumeteonjugem,intereeput
945 3410 1000 3450 non
1014 3410 1099 3461 oven,
1114 3411 1171 3450 non
1190 3397 1308 3463 asinam,
1324 3411 1380 3452 nen
1402 3399 1496 3453 onmia
1518 3412 1581 3470 qnae
1605 3398 1683 3455 iltina
1705 3406 1771 3456 sant

64 3490 93 3541 et
108 3483 237 3557 eorpus‘l
252 3482 395 3551 Quoniam
411 3481 489 3538 sicut
502 3479 659 3553 Apostolus
674 3481 776 3537 docet:
791 3480 891 3537 Virca-
945 3484 1041 3553 (deod
1057 3501 1104 3549 xx,
1122 3485 1175 3551 17).
1193 3484 1225 3540 ln
1242 3484 1350 3556 quihus
1365 3484 1460 3542 verbis
1485 3485 1548 3543 sins
1572 3487 1662 3544 dubio
1685 3487 1770 3545 aliter

61 3582 115 3647 pm
127 3581 168 3632 en
180 3573 392 3644 materiariam
401 3572 524 3627 Clarium
539 3579 620 3642 capnt
633 3579 672 3626 eat
681 3571 819 3638 Eeckstoe,
835 3571 892 3640 ipae
946 3572 1158 3630 consideranda
1185 3577 1231 3629 est
1254 3573 1384 3647 dignitas
1405 3574 1514 3641 uxoris,
1537 3573 1621 3631 aliter
1640 3575 1770 3632 eonditio

63 3663 186 3720 :mentm
198 3663 319 3734 corporis
333 3662 403 3732 eina.
419 3661 460 3716 lta
469 3668 495 3716 ct
509 3662 564 3716 virt
576 3659 672 3718 debent
691 3659 807 3729 diligere
821 3674 891 3714 saco-
946 3678 1096 3719 eervorum
1111 3666 1141 3718 et
1155 3661 1339 3729 ancillarum,
1356 3666 1385 3719 et
1397 3662 1482 3719 aliter
1495 3662 1592 3720 vilitas
1614 3663 1769 3721 brutorum

64 3770 107 3810 res
137 3768 203 3808 ruas
233 3760 263 3807 ut
290 3766 405 3823 corporo
432 3767 482 3806 eno
510 3750 617 3822 (Epire-5.
632 3750 749 3817 v,23et
763 3751 819 3818 28).
836 3747 891 3814 Qui
946 3749 1130 3818 animalium,
1142 3749 1200 3807 sive
1216 3750 1432 3807 insensibilium
1444 3756 1585 3820 rerum,et
1594 3751 1659 3808 ideo
1670 3753 1771 3809 omnia

64 3858 150 3899 suam
167 3856 286 3898 uxorem
307 3838 412 3912 diligit,
428 3838 559 3910 seipsum
574 3838 680 3911 diligit.
697 3838 788 3894 Nemo
812 3836 891 3893 enim
946 3838 1002 3896 ists
1016 3839 1080 3895 suis
1095 3839 1180 3896 metis
1190 3839 1420 3909 tractanda,suis
1428 3839 1570 3913 gradibus
1578 3840 1773 3898 discernenda

64 3947 197 4004 unquam
214 3946 331 3986 carnem
346 3945 432 3986 suam
451 3929 517 3984 odio
541 3927 644 3986 babuit
660 3945 666 3984 :
683 3944 731 3986 aec
756 3927 850 3984 nutrit
863 3929 893 3982 et
945 3945 979 3983 ae
994 3927 1149 3984 dividenda
1164 3932 1243 3984 sunt.
1261 3928 1325 3984 Hac
1341 3929 1466 3985 dicimus
1482 3933 1515 3986 ut
1523 3929 1709 3987 considerent
1719 3929 1772 4003 qul

63 4021 141 4076 louet
156 4035 221 4077 eam
238 4019 354 4074 sicutet
363 4016 497 4073 Christus
506 4014 761 4073 EcclesiamUnde
771 4031 891 4072 rursum
945 4017 1089 4086 ejusmodi
1104 4021 1183 4084 sunt,
1199 4015 1329 4072 viliorem
1345 4019 1422 4088 apud
1439 4034 1470 4073 se
1484 4034 1549 4074 esse
1573 4019 1769 4076 conditionem

63 4108 143 4164 idem
157 4105 314 4180 Apostolus
330 4105 400 4161 dicit
416 4123 423 4161 ι
442 4107 509 4172 Viri,
524 4105 634 4175 dittqr'te
652 4121 752 4162 uxores
776 4112 889 4172 vestros,
947 4122 1069 4161 uxorum
1084 4121 1173 4177 quam
1190 4103 1382 4160 servulorum.
1395 4105 1430 4160 ut
1439 4105 1474 4163 de
1485 4121 1566 4162 servo
1577 4106 1687 4178 absque
1697 4123 1770 4162 con-

62 4199 136 4254 stan
148 4205 176 4253 et
190 4195 311 4251 Christut
323 4195 422 4251 dilaeit
433 4195 591 4262 Eoeteaiam,
606 4201 633 4250 et
645 4196 765 4266 reipsum
778 4193 893 4250 tradidit
945 4185 1067 4250 scientis
1077 4191 1188 4264 judicis
1202 4190 1299 4247 occiso
1314 4190 1452 4247 dominus
1466 4191 1531 4262 ejus
1540 4189 1690 4246 homicidii
1701 4207 1770 4249 reus

60 4301 114 4359 pre
127 4302 170 4353 co,
186 4292 217 4340 ut
236 4285 315 4340 ittam
337 4285 526 4355 sanctificaret,
540 4283 676 4340 moredano
700 4299 760 4339 curn
784 4285 891 4339 lauaem
944 4281 1051 4350 existit,
1069 4296 1121 4336 nee
1136 4278 1309 4337 effusionem
1324 4277 1478 4352 sanguinis
1493 4277 1550 4335 nisi
1562 4294 1614 4351 per
1624 4279 1770 4350 poeniten·

62 4388 146 4447 uquae
159 4375 190 4428 in
204 4374 285 4430 verto
308 4372 401 4442 (idad,
418 4374 474 4443 25).
491 4372 574 4428 Certe
599 4371 629 4427 in
655 4370 701 4428 his
723 4370 891 4444 apostolicis
944 4372 1016 4428 tiam
1032 4374 1127 4443 potest
1145 4368 1269 4441 expiare,
1285 4366 1358 4439 quid
1382 4368 1417 4423 de
1440 4367 1565 4438 conjuge
1588 4367 1769 4425 studendum

61 4462 162 4520 uerbis
176 4465 260 4518 tante
273 4461 351 4518 inter
359 4460 454 4517 virum
466 4465 495 4518 et
506 4465 734 4527 uxorem,ettam
745 4460 893 4533 praecipua
945 4460 1052 4527 sit.Qui
1067 4458 1156 4516 etiem
1173 4473 1266 4530 usque
1280 4457 1316 4514 ad
1327 4459 1438 4512 tantam
1449 4453 1606 4511 stultitiam
1617 4459 1645 4512 et
1655 4455 1769 4513 cecita-

62 4557 153 4624 atque
168 4549 312 4608 excellens
326 4550 443 4606 dilectio
459 4550 691 4616 commendatur,
703 4549 889 4606 salvatamen
907 4575 930 4641 D
945 4554 1004 4606 tem
1016 4543 1431 4622 prorumpunt,uteasquasin
1440 4542 1544 4617 primis
1555 4549 1657 4601 contra
1667 4562 1770 4604 omnes

63 4640 94 4696 in
110 4640 175 4713 ipse
190 4639 328 4712 conjugio
344 4638 511 4712 prelatione
525 4637 578 4694 viri
602 4641 630 4694 et
653 4637 833 4709 subjectione
848 4638 890 4694 fe·
946 4645 974 4696 et
988 4639 1101 4694 divinas
1117 4642 1146 4691 et
1159 4636 1304 4691 humanas
1319 4634 1407 4707 leges,
1424 4637 1452 4689 et
1466 4636 1568 4689 eontra
1590 4633 1684 4706 ipsius
1699 4637 1771 4708 jma

63 4729 164 4794 minsa,
180 4731 214 4785 ut
227 4727 279 4784 ille
293 4727 499 4800 conjunctione
515 4725 605 4784 semel
621 4744 638 4782 n
655 4728 710 4782 Deo
721 4726 894 4783 institutaet
946 4725 1138 4784 humanitatis
1153 4743 1205 4797 per
1215 4723 1383 4779 violentiam
1395 4728 1425 4779 et
1440 4726 1557 4795 raptum
1572 4723 1628 4780 sihi
1643 4726 1769 4796 conjun-

62 4815 195 4889 legitimo
209 4816 365 4874 conciliata
374 4817 539 4888 majoresse
549 4832 601 4871 nee
610 4815 777 4884 debentem
788 4815 891 4887 possit.
946 4822 1030 4891 gunt,
1046 4815 1090 4871 vol
1106 4815 1194 4871 etiam
1207 4830 1241 4870 ex
1254 4813 1433 4886 professione
1448 4816 1476 4867 et
1489 4812 1593 4869 habitu
1612 4813 1769 4871 sanctimo-

63 4906 140 4972 Quid
154 4905 234 4962 enim
248 4905 548 4977 venerabilius,quam
558 4909 591 4961 ut
600 4904 771 4976 conjugium
784 4908 892 4977 myste·
946 4903 1016 4960 nioli
1026 4901 1323 4974 saerilegaimpietate
1330 4901 1545 4958 commaculare
1553 4919 1611 4959 non
1623 4905 1768 4965 metuunt,

63 4994 143 5051 rium
159 4994 199 5051 sit
208 4994 317 5051 Christi
328 5000 356 5052 et
366 4993 602 5067 Ecclesie‘lquid
613 4993 848 5065 sanctius,quam
860 4996 893 5049 ut
946 4997 1047 5066 postea
1072 4989 1223 5047 blanditiis
1250 4988 1397 5057 delinitas,
1413 4994 1443 5048 et
1468 4991 1638 5063 parentibus
1666 5004 1768 5045 earum

64 5083 108 5141 sic
122 5083 250 5157 diligant
262 5083 318 5140 viri
334 5102 438 5141 uxores
454 5101 534 5151 suas,
551 5084 628 5140 sieut
642 5082 775 5140 Christus
792 5081 894 5139 dilexit
947 5080 1113 5148 artificiosa,
1129 5079 1188 5135 imo
1217 5078 1413 5152 ignominiosa
1438 5079 1605 5136 adulatione
1633 5076 1766 5150 placatis,

63 5170 238 5242 Ecclesiam,
253 5174 373 5230 tradens
388 5173 520 5245 seipsum
536 5190 588 5245 pro
602 5189 647 5242 ea,
659 5177 690 5227 ut
705 5171 797 5228 illlam
808 5188 892 5228 sane·
946 5168 1296 5243 putantseetdlvinumet
1307 5168 1469 5225 humanum
1479 5164 1766 5237 evasissejudioium,

62 5260 190 5320 tillearet
205 5266 293 5334 atque
309 5261 487 5318 mundaret?
503 5262 577 5327 Quid
593 5260 711 5318 charius
725 5265 813 5333 atque
827 5277 894 5316 con·
946 5264 975 5316 et
990 5263 1051 5315 tam
1067 5257 1202 5315 illicitum
1216 5263 1305 5330 atque
1321 5258 1455 5331 iniquum
1479 5253 1703 5312 contubernium
1715 5271 1767 5311 ve·

58 5349 302 5424 teretiusquam
319 5356 351 5407 ut
361 5350 405 5407 vir
417 5354 506 5423 eaput
516 5349 555 5406 sit
566 5349 893 5417 mulieris,sicutChris·
946 5348 1012 5406 lunt
1020 5347 1110 5405 videri
1118 5346 1367 5421 velullegitimum
1377 5350 1407 5401 et
1416 5346 1573 5402 honestum
1585 5341 1766 5416 conjugium,

61 5442 115 5496 tue
127 5444 219 5513 caput
232 5445 278 5499 est
292 5439 438 5507 Ecclesia,
455 5439 517 5513 ipse
532 5437 659 5496 salvator
673 5439 824 5512 corporis?
837 5439 891 5506 Qui
946 5455 1013 5496 eum
1028 5437 1106 5494 sicut
1117 5437 1181 5509 J‘am
1197 5453 1286 5509 supra
1299 5440 1450 5491 ostensum
1465 5435 1551 5503 est‚et
1564 5430 1688 5489 leminea
1703 5447 1767 5506 quar

61 5526 154 5587 eiam
168 5527 199 5588 iu
214 5527 370 5603 Evangelio
385 5529 421 5586 de
432 5528 486 5585 hae
495 5527 624 5600 conjugii
636 5527 743 5584 unione
755 5531 890 5597 testator,
946 5527 1113 5602 raptoribus
1126 5526 1188 5584 suis
1203 5540 1378 5584 consensum
1394 5520 1580 5596 praebuerint,
1592 5526 1622 5579 et
1633 5525 1769 5594 parentes

61 5616 167 5687 unas
181 5636 191 5679 .·
205 5620 299 5696 Imque
318 5619 380 5695 iam
406 5633 463 5679 non
487 5625 552 5678 eant
579 5615 704 5690 dnand
730 5635 789 5682 ann
816 5633 890 5682 caro.
944 5634 1058 5694 aarum,
1073 5616 1134 5680 uisi
1146 5611 1376 5679 reclamaverint.
1389 5609 1478 5673 etiam
1487 5611 1615 5691 antique
1626 5611 1773 5682 Romano-
