3810 6098
102 336 161 399 utu
555 336 748 399 utuuutul
770 319 994 399 uuuuuusts
1015 333 1362 401 nucutuutscouus.
1748 333 1809 396 820

102 473 226 544 aequata,
242 487 300 544 qua
320 469 437 544 pondus
454 469 572 527 virtutis
587 488 644 527 non
660 469 757 527 oneris
767 468 925 527 electorum
940 469 968 535 Α
983 467 1089 524 cimam
1101 468 1166 540 tria,
1180 473 1292 526 sextam
1308 469 1448 542 quinque,
1465 469 1599 542 quintam
1615 486 1676 541 sex,
1691 468 1808 524 tertiam

102 559 251 635 accipiunt
266 559 433 627 anima,illo
449 560 621 633 disponente
632 561 682 634 qui
698 561 860 616 secundum
871 558 926 615 tob
981 557 1091 624 decem,
1116 557 1269 614 dimidiam
1295 558 1473 632 quindecim,
1499 575 1564 632 quas
1589 557 1679 615 simul
1704 558 1810 631 juncta

100 651 192 723 posuit
219 651 307 707 ventu
333 649 440 722 poadm
462 650 520 718 (iet
534 667 633 713 xxvrn,
648 649 693 720 25)
711 667 717 705 :
735 652 767 705 ut
782 649 818 705 ab
836 649 927 704 inten·
980 646 1243 719 quadragintaduo
1255 652 1462 704 consummant
1475 665 1481 704 :
1492 649 1542 704 ubi
1554 647 1724 722 mysticant
1735 647 1808 702 dini-

102 738 182 795 tiona
197 739 247 795 Dei
263 755 321 794 non
328 739 392 811 jam
406 737 462 794 levi
479 743 560 793 motu
576 737 733 806 dissiliant,
749 737 799 792 sed
815 736 844 792 in
859 753 926 791 curn
981 751 1057 803 mus,
1070 734 1204 791 innuitur
1214 740 1305 792 totam
1316 735 1449 794 Ecclesia
1461 737 1672 810 perfectionem
1682 735 1713 791 in
1724 735 1808 791 Chri-

103 827 161 883 llxa
174 826 345 884 constantia
369 827 510 901 gravitate
532 826 696 882 consistant
711 842 717 880 :
735 843 787 897 per
801 843 865 898 qua
877 826 926 897 ju·
981 823 1017 880 sti
1029 824 1085 878 fide
1096 829 1125 879 et
1134 824 1228 898 gratia
1242 826 1412 893 consistere,
1425 843 1489 898 quae
1500 825 1702 899 apatriarchis
1713 824 1826 897 primo·

104 915 180 972 dicio
195 920 223 972 et
238 915 268 971 in
283 915 390 971 secula
410 915 492 971 illius
514 913 613 970 omnia
634 918 781 980 constant,
797 931 848 987 per
862 932 927 986 qne
980 911 1089 985 agnita,
1103 913 1302 986 apostolorum
1318 919 1363 971 est
1378 913 1465 970 latius
1481 931 1550 971 voce
1562 914 1715 970 diffamata
1733 931 1740 970 :
1757 930 1845 971 netz

103 1006 248 1061 mundum
260 1003 411 1060 constituit
420 1003 564 1076 gubernat
573 1005 601 1059 ct
606 1002 793 1075 judicaturus
806 1008 860 1069 est,
876 1003 926 1075 qui
980 1018 1044 1059 esse
1061 1019 1165 1058 nornen
1181 1003 1258 1059 aliud
1276 1005 1330 1061 sub
1346 1003 1417 1060 eoelo
1432 1004 1461 1059 in
1478 1021 1535 1077 quo
1547 1007 1745 1076 oporteatnos
1756 1002 1850 1059 sul-

103 1093 310 1166 comprebendi
334 1091 379 1149 vel
403 1092 575 1165 reprebendi
600 1110 657 1148 noa
685 1097 791 1165 potest,
808 1093 927 1165 praemia
979 1092 1118 1160 vosfieri,
1136 1094 1283 1163 quomodo
1304 1093 1333 1148 in
1355 1093 1551 1166 quadraginta
1580 1093 1698 1149 duobus
1728 1092 1851 1156 nulla

102 1181 147 1237 vel
168 1199 269 1255 poeuas
293 1181 419 1255 singulis
448 1181 616 1237 redditurus
640 1185 746 1237 cuncta
769 1180 925 1253 disposuit.
980 1179 1192 1252 estparticula,
1210 1200 1274 1254 qum
1304 1200 1360 1238 non
1386 1181 1550 1254 equalibus
1574 1180 1726 1237 tricenarii
1757 1199 1842 1237 nu-

103 1270 201 1328 Prima
216 1271 302 1327 istius
317 1271 454 1327 columna
469 1270 569 1326 ferculi
586 1271 682 1326 tribus
693 1276 721 1326 et
733 1270 927 1343 trigintacon·
980 1269 1051 1326 meri
1081 1270 1265 1326 contineatur
1295 1271 1324 1325 in
1355 1271 1498 1344 partibus.
1524 1270 1715 1328 Tricenarius
1744 1286 1842 1343 ergo

103 1363 163 1418 atat
177 1358 313 1433 capitulis
329 1376 336 1416 :
354 1359 423 1432 quia
443 1359 580 1432 quisquis
604 1359 633 1414 in
657 1358 776 1417 nominc
791 1359 884 1415 Patris
899 1364 928 1415 et
980 1374 1121 1413 numerus
1149 1358 1212 1415 suis
1237 1360 1370 1432 partibus
1397 1360 1660 1434 quadragesimum
1683 1358 1834 1431 complet

105 1448 169 1506 Filii
185 1452 214 1505 et
228 1447 355 1522 Spiritus
375 1447 467 1505 sancti
495 1448 708 1521 baptizatusex
725 1449 926 1522 aquaetSpi-
980 1451 1009 1503 et
1030 1447 1290 1520 secundum,quia
1318 1448 1460 1505 Dominus
1488 1448 1652 1506 Ecclesiam
1682 1449 1731 1505 sui
1762 1449 1827 1505 ba-

104 1537 163 1594 ritu
178 1539 279 1595 sancto
294 1536 466 1606 renascitur,
482 1536 615 1610 Deculogi
635 1538 774 1594 mandata
788 1554 855 1594 cum
871 1538 927 1594 side
980 1536 1129 1609 ptismatis
1140 1538 1332 1595 sacramentis
1341 1542 1370 1595 et
1381 1556 1458 1595 nuuc
1469 1538 1653 1596 laborantem
1665 1543 1822 1613 tempora-

103 1630 211 1684 aanctae
227 1625 379 1683 Trinitatis
403 1642 521 1682 necesse
536 1630 580 1682 est
595 1629 813 1699 perseveranter
826 1631 927 1682 cnsta-
980 1624 1047 1681 liter
1059 1626 1163 1697 munit,
1175 1631 1203 1683 et
1217 1627 1309 1684 finitis
1326 1625 1476 1684 laboribus
1491 1629 1528 1684 ad
1543 1627 1678 1701 requiem
1693 1633 1816 1687 aterna·

103 1716 175 1785 diat,
192 1715 217 1771 si
233 1715 269 1771 ad
285 1714 375 1771 vitam
388 1714 452 1771 vult
466 1715 615 1788 pervenire
632 1721 814 1788 perpetuam.
830 1718 864 1772 Et
877 1717 926 1772 de·
980 1713 1047 1770 liter
1061 1714 1204 1787 perducit.
1221 1717 1256 1771 Et
1281 1716 1451 1774 tricennalis
1477 1716 1619 1790 baptizati
1651 1717 1811 1778 Salvatoris

104 1802 204 1861 narius
215 1820 356 1860 numerus
366 1804 492 1861 ternario
503 1802 685 1877 superposito
695 1803 840 1862 ineisdcm
852 1806 928 1877 capi·
982 1805 1051 1859 etas
1061 1803 1149 1860 etiam
1162 1804 1253 1860 nostri
1264 1805 1434 1878 baptimatis
1446 1805 1581 1863 intimare
1592 1809 1692 1880 potest
1709 1812 1805 1880 myste-

103 1891 175 1950 tulis
190 1896 235 1950 ter
249 1891 367 1948 ducitur
383 1909 389 1948 :
406 1892 475 1966 quia
500 1893 615 1962 mulier,
631 1893 775 1950 catholiea
793 1893 927 1952 videlicet
982 1892 1059 1949 rium
1076 1910 1082 1948 :
1100 1898 1218 1966 propter
1241 1895 1330 1951 fidem
1355 1894 1466 1952 scilicet
1481 1901 1589 1952 sanctas
1602 1895 1773 1966 Trinitatis,
1783 1904 1804 1954 et

103 1981 242 2050 Ecclesia,
256 1986 408 2055 acceptum
434 1983 621 2052 fermentum,
644 1987 750 2039 sancta
773 1983 927 2040 Trinitatis
982 1981 1179 2054 operationem
1205 1982 1340 2057 Deculogi
1366 1982 1491 2040 revelata
1511 1984 1578 2040 fidei
1594 1986 1694 2058 gratia
1710 2002 1718 2041 ι
1735 1988 1801 2059 qued

104 2069 216 2128 scilicet
231 2071 388 2146 ildem,per
401 2070 587 2128 dilectionem
602 2076 769 2145 operantem
785 2072 816 2127 in
829 2071 926 2127 farine
982 2084 1040 2140 quo
1051 2068 1210 2125 sublimius
1221 2069 1396 2144 intelligitur
1408 2088 1441 2128 eo
1450 2072 1621 2129 etdoctrina
1632 2073 1801 2146 publicatur.

105 2164 170 2218 sata
179 2158 235 2216 tria
247 2161 411 2227 abscondit,
423 2162 541 2235 quando
555 2161 640 2228 Asia,
650 2162 752 2218 Africae
768 2165 796 2217 ot
807 2161 926 2234 Europae
982 2157 1139 2214 Duodenus
1155 2160 1273 2232 quippe,
1285 2177 1371 2233 quem
1383 2166 1491 2234 partes,
1504 2161 1803 2229 utdiaimus,trieena-

104 2247 186 2305 iliam
197 2249 353 2322 predicare
364 2254 511 2322 procurat,
523 2250 613 2307 donec
625 2251 925 2317 tormenteturtotum,
982 2244 1015 2300 rii
1032 2248 1160 2319 pariunt,
1181 2248 1379 2320 apostolorum
1405 2267 1556 2319 nutrieras,
1584 2251 1800 2323 praedicatorum

103 2335 134 2395 ld
148 2338 194 2394 est
207 2336 271 2393 orbi
287 2336 421 2394 universo
441 2337 614 2410 predicetur
634 2337 823 2413 Evangeliurn
845 2339 927 2411 regni
980 2335 1112 2391 videlicet
1124 2336 1256 2392 cranium
1266 2337 1383 2407 chorus,
1396 2342 1440 2394 ter
1454 2344 1627 2412 quaternos,
1639 2339 1803 2414 sireqaater

104 2430 255 2501 acceptum
272 2443 289 2482 a
303 2427 427 2483 Domino
442 2427 511 2483 Jesu
527 2426 643 2484 Christo
658 2428 694 2484 de
705 2427 751 2484 bis
767 2445 830 2500 qnoe
842 2429 928 2501 coepit
981 2427 1081 2479 ternos
1105 2425 1253 2482 continere
1278 2426 1461 2501 dignoscitur
1477 2427 1571 2501 :quia
1596 2430 1687 2486 fidem
1704 2435 1802 2488 sancta

104 2516 266 2589 etpersecit
290 2517 383 2573 faeere
408 2521 436 2573 et
455 2519 568 2574 docere.
585 2518 683 2574 Tertio
699 2518 744 2574 die
760 2518 789 2572 in
805 2535 926 2591 evange·
982 2513 1144 2580 Trinitatis,
1156 2518 1185 2569 ut
1196 2519 1323 2588 quatuor
1333 2515 1427 2572 suncti
1437 2518 1700 2591 Evangeliilibros,
1713 2521 1749 2576 nb
1763 2538 1803 2576 or-

103 2604 160 2663 lica
174 2605 296 2662 lectione
317 2610 545 2663 commemorato
569 2605 647 2662 venit
662 2608 698 2662 ad
715 2606 832 2679 nuptias
850 2625 856 2663 :
872 2606 928 2664 hoc
980 2601 1115 2659 thutiuxis
1131 2604 1300 2660 ductoribus
1314 2609 1381 2661 aute
1397 2605 1485 2662 finem
1509 2608 1613 2663 mundi
1629 2614 1745 2681 oportet
1758 2627 1804 2682 per

103 2698 149 2752 est
163 2695 248 2752 tertio
264 2695 367 2751 mundi
384 2699 513 2768 tempore
527 2712 580 2769 per
594 2695 804 2753 incarnationis
819 2700 926 2770 mysia·
982 2694 1109 2763 quatuor
1123 2696 1232 2763 partes,
1250 2692 1375 2749 Orientis
1391 2693 1512 2763 scilicet,
1529 2696 1708 2764 Occidentis,
1723 2698 1803 2771 Aqui·

103 2783 180 2840 rium
191 2785 325 2841 eamdem
336 2789 468 2840 sanctam
484 2784 540 2841 sibi
556 2783 715 2842 Ecclesiam
727 2784 855 2841 sociavit.
869 2784 927 2840 Pri·
980 2778 1057 2835 lonis
1073 2780 1224 2848 utriustri,
1240 2782 1383 2853 quadrato
1397 2782 1476 2839 orbis
1497 2784 1624 2841 termino
1644 2786 1804 2858 praedicuri.

103 2888 187 2929 mum
202 2871 321 2946 quidem
346 2873 444 2930 saeculi
468 2877 587 2946 tempus
602 2878 669 2931 ante
684 2874 788 2947 legem,
804 2874 926 2946 patriar·
982 2868 1070 2934 Quasi
1081 2868 1158 2925 enirn
1171 2869 1318 2942 quoddam
1329 2875 1548 2928 sacrosanctum
1559 2874 1681 2930 triennii
1693 2880 1805 2948 tempus

102 2961 225 3018 charum
234 2961 383 3034 exemplis,
395 2963 557 3019 secundum
574 2962 628 3018 sub
643 2961 926 3035 lege,propbetarum
982 2956 1173 3030 baptizandos
1185 2958 1293 3016 babere
1308 2959 1416 3029 docuit,
1432 2961 1481 3033 qui
1496 2962 1548 3031 ait,
1560 2963 1599 3019 lte
1612 2963 1704 3020 docete
1718 2980 1805 3021 cmiter

103 3049 926 3125 scriptis,tertiumsubgratia,evangelistarumpraeeoni-
981 3054 1080 3117 pentes,
1098 3049 1265 3120 baptizantes
1292 3066 1335 3106 eos
1365 3053 1396 3105 in
1423 3052 1534 3107 omnine
1562 3055 1665 3122 Putria,
1682 3061 1709 3109 et
1731 3054 1804 3120 Filii,

101 3137 568 3213 is,quasitertiidieilucemundc
583 3139 706 3208 refulsit,
718 3141 747 3196 in
759 3157 817 3213 quo
832 3140 925 3197 isdem
980 3144 1007 3191 et
1020 3136 1140 3208 Spiritus
1167 3140 1257 3194 sancti
1281 3138 1381 3211 (Moab.
1407 3154 1505 3209 xxvrn,
1524 3140 1592 3212 19):
1619 3141 1707 3213 quasi
1731 3140 1805 3198 idem

101 3226 244 3284 Dominus
253 3232 282 3284 et
289 3227 421 3284 Salvator
429 3233 528 3284 noster
537 3245 589 3300 pro
601 3228 800 3301 redemptione
808 3229 924 3302 generis
939 3213 960 3279 C
980 3222 1203 3282 boctriennium
1214 3227 1372 3298 perdeeom
1389 3226 1578 3301 multiplicari
1594 3230 1805 3304 precepitcum

101 3314 224 3372 humani
241 3316 635 3389 incarnatusapparuit.Sed
652 3316 925 3375 etidcmdenarius
979 3313 1141 3385 subjunxit,
1171 3315 1291 3372 docentus
1320 3332 1364 3373 eor
1390 3334 1497 3374 seruare
1538 3321 1633 3375 ornata
1676 3334 1804 3392 qaaecua-

102 3402 559 3476 numerusintrigonumductus
570 3404 752 3461 tricesimum
764 3405 926 3479 impletnu·
979 3418 1031 3474 quc
1055 3405 1187 3460 inundari
1223 3407 1299 3462 vetis
1328 3406 1420 3475 (ibid,
1449 3408 1506 3476 20).
1537 3405 1591 3474 Qui
1629 3407 1728 3465 tribus
1756 3425 1803 3464 au·

101 3507 227 3556 merum.
242 3509 301 3564 quo
316 3509 392 3549 anno
408 3493 542 3549 Christus
557 3493 720 3566 baptizatus
735 3500 840 3551 cuncta
858 3514 925 3552 san·
980 3491 1026 3546 nis
1042 3509 1074 3547 ac
1090 3492 1135 3549 bis
1150 3492 1241 3549 ternis
1257 3494 1409 3551 mensibus
1434 3494 1537 3550 mundi
1562 3497 1703 3554 tenebras
1717 3514 1805 3554 exem-

101 3579 238 3638 ctillcarit
250 3599 303 3638 suo
323 3581 500 3656 baptismate
515 3582 625 3638 fluenta
640 3583 724 3640 nobis
742 3585 816 3641 ⁷58
832 3602 924 3657 aqua·
979 3579 1027 3652 plo
1043 3585 1072 3635 et
1086 3583 1172 3638 verbo
1197 3600 1249 3638 suo
1276 3583 1312 3639 dc
1338 3583 1493 3640 dilectione
1514 3583 1564 3639 Dei
1580 3588 1609 3640 et
1623 3585 1750 3656 proximi
1764 3603 1804 3643 sa-

38 3726 41 3731 ,
100 3685 178 3737 rum,
190 3673 219 3726 et
233 3669 323 3743 hujus
338 3670 579 3727 sanctificationis
594 3671 687 3744 gratia
703 3672 850 3730 tricesimo
861 3679 926 3730 ata·
980 3670 1299 3745 nansttucarpora
1332 3672 1476 3729 simulet
1504 3673 1631 3742 animas,
1659 3673 1802 3732 illustram

99 3759 139 3816 tis
149 3775 226 3815 anno
237 3759 323 3815 tosus
333 3758 412 3816 venit
422 3759 450 3814 in
467 3757 614 3831 baptisma
629 3777 635 3814 :
650 3759 720 3832 qnia
735 3760 845 3818 seilicet
860 3767 926 3835 post
979 3757 1127 3830 dignatur,
1141 3777 1192 3831 pro
1204 3760 1319 3833 generis
1329 3760 1452 3818 humani
1468 3760 1561 3819 salute
1577 3762 1608 3818 in
1623 3780 1712 3820 eruce
1728 3781 1803 3821 oecu-

43 3902 46 3906 ,
99 3845 248 3920 baptisma
257 3846 337 3902 istud
348 3846 442 3920 legem
457 3853 519 3904 erat
535 3853 660 3904 veterem
676 3848 837 3906 solaturus.
854 3852 923 3908 Pro·
979 3846 1053 3902 buit.
1070 3847 1224 3905 llridenter
1236 3851 1404 3922 ostendens,
1421 3850 1491 3923 quia
1505 3850 1636 3923 prelatis
1653 3852 1802 3926 apostolis,

61 3972 64 3977 -
100 3941 199 4010 pterea
213 3952 308 4009 usque
324 3936 359 3992 ad
375 3936 451 3993 hanc
472 3940 598 4006 atatem,
615 3955 678 4010 quar
705 3938 803 3995 omnia
832 3944 925 4012 potest
979 3937 1168 4008 martyribus,
1185 3938 1599 4013 consessoribus,caterisque
1626 3941 1760 3998 arctioris
1774 3959 1804 3998 ac

99 4042 203 4098 capere
218 4030 346 4098 peecata,
364 4024 393 4080 in
409 4024 482 4099 legis
508 4024 708 4083 observatione
738 4029 922 4100 permansit:
978 4025 1158 4097 perfectioris
1173 4026 1237 4082 vite
1251 4026 1330 4095 viris,
1348 4045 1474 4100 equorum
1499 4028 1729 4086 inenarrabilem
1751 4030 1804 4103 glo

98 4131 135 4171 ne
148 4114 215 4187 quis
229 4112 339 4172 diceret
354 4113 419 4170 ideo
435 4131 502 4170 euin
518 4113 639 4173 solvisse
654 4114 758 4186 legem,
775 4117 845 4190 quia
859 4135 923 4174 earn
979 4113 1053 4170 riam
1066 4115 1102 4169 de
1118 4115 1359 4173 nrairilestissinra
1386 4116 1548 4173 divinitatis
1569 4117 1685 4176 risione
1704 4120 1804 4193 sempi-

97 4202 280 4260 convaleret
302 4201 435 4276 implere.
452 4203 553 4276 Neque
582 4204 661 4260 enim
686 4205 783 4262 omnis
804 4224 925 4279 prorsus
977 4206 1067 4258 terna
1082 4202 1233 4261 Trinitatis
1259 4204 1300 4260 illi
1321 4208 1437 4261 tantum
1457 4205 1631 4280 sciunt,qui
1649 4207 1802 4281 eaperirui

97 4296 167 4349 retas
178 4292 293 4349 cunctis
303 4291 381 4348 vitiis
392 4296 556 4365 opportuna
566 4293 817 4366 estNumprirnos
828 4296 924 4352 adbuc
979 4296 1159 4360 meruerunt,
1177 4296 1247 4348 saint
1261 4292 1360 4366 plures
1375 4292 1404 4348 in
1420 4293 1548 4350 llcclesia
1556 4294 1647 4368 justi,
1665 4297 1723 4353 fide
1737 4313 1801 4353 san·

97 4398 191 4438 annos
204 4381 403 4456 imprudentia
417 4386 446 4439 et
460 4380 645 4438 imbecillitas
661 4382 750 4438 animi
767 4382 855 4439 simin
870 4385 923 4441 ob·
978 4383 1030 4434 ctae
1046 4377 1208 4448 Trinitatis,
1227 4379 1254 4433 in
1269 4396 1327 4451 qua
1341 4384 1370 4436 ct
1384 4379 1547 4438 incarnatio
1571 4381 1690 4438 Domini
1716 4382 1801 4440 nostri

97 4468 214 4525 sidant:
232 4469 433 4527 adolescentia·
449 4486 515 4527 vcro
529 4475 646 4543 tempus
662 4471 816 4528 ferventior
831 4473 923 4546 impu·
977 4466 1046 4523 Jusu
1060 4466 1166 4523 Christi
1184 4467 1323 4524 veraciter
1344 4469 1520 4541 continetur,
1536 4486 1595 4542 qua
1610 4488 1670 4527 non
1686 4471 1803 4528 accessit

97 4561 169 4627 gnat
178 4555 269 4614 libido
282 4574 288 4612 :
301 4558 445 4632 reliquam
454 4576 521 4616 vero
531 4563 646 4616 etatem
657 4560 783 4617 habendi
795 4563 922 4619 maxime
937 4581 961 4645 D
977 4556 1170 4628 quaternitas,
1182 4555 1274 4613 sedin
1287 4574 1344 4613 uuo
1356 4556 1428 4614 Filio
1439 4557 1497 4615 Deo
1508 4562 1537 4614 et
1550 4557 1684 4630 bomine,
1696 4559 1747 4634 qui
1761 4564 1802 4616 est

98 4643 921 4721 cupidosollicitat.l’roptarcaigituromnemhanchri-
975 4644 1299 4718 ingluuiuDeiPui¹·is‚
1317 4663 1384 4702 ⁰1¹1ss
1415 4647 1518 4713 evdeffl
1547 4646 1633 4704 Pflirss
1654 4652 1684 4706 ei
1706 4652 1801 4705 nautii)

98 4734 348 4804 stusexspectavit
362 4739 487 4806 aetatem,
500 4753 551 4808 per
561 4738 638 4809 quod
650 4755 737 4794 omne
752 4741 921 4812 tempusju-
975 4734 1086 4808 Spiritu
1097 4739 1248 4807 permanet
1258 4735 1396 4805 Trinitas,
1407 4736 1619 4810 spc,charitate
1630 4740 1800 4811 etoperibus

97 4820 209 4877 stitiam
225 4820 297 4893 legis
313 4821 453 4895 implevit,
470 4841 502 4880 ac
518 4829 586 4882 tunc
601 4827 721 4883 deliram
734 4828 812 4884 uenit
826 4830 861 4884 ad
875 4832 921 4885 ba·
975 4825 1060 4880 bonis
1076 4825 1204 4896 perlecti,
1217 4825 1265 4897 qni
1283 4829 1349 4896 post
1363 4824 1460 4881 carnis
1470 4825 1650 4883 solutionem
1667 4828 1800 4885 continuo

95 4908 539 4983 ptisma,quasicumulumillud
550 4914 921 4975 cunctisobsorvationibus
975 4913 1060 4969 buain
1074 4913 1202 4985 paradisi
1218 4914 1318 4986 requio
1334 4913 1545 4988 suscipiantur,
1557 4920 1764 4988 exspectantes
1774 4917 1800 4974 in
1858 4956 1867 4966 -

95 4997 168 5073 legis
179 4997 412 5071 adimplens.Qui
423 5000 563 5073 quoniam
574 5002 733 5076 ipso,quod
746 5005 919 5063 tricenarius
974 5019 1081 5076 magno
1096 5003 1213 5076 gaudio,
1230 5003 1259 5058 in
1277 5004 1393 5078 magnis
1418 5005 1673 5078 congaudentium
1696 5007 1800 5075 eboris,
1856 5046 1867 5063 .

94 5087 251 5158 inchoavit,
264 5087 411 5161 baptismo
422 5089 512 5146 totius
524 5091 704 5148 sitllcclesiae
715 5093 816 5150 sordes
826 5095 921 5168 expia·
974 5093 1091 5164 quando
1108 5095 1221 5165 recepto
1236 5110 1355 5165 corpore
1378 5093 1496 5149 veniant
1514 5098 1544 5151 et
1559 5100 1724 5168 appareant
1737 5098 1799 5152 ante
1858 5111 1867 5137 ··

94 5180 190 5246 turus,
206 5177 376 5234 corumdem
392 5195 508 5251 quoquc
523 5196 712 5236 numerorum
736 5183 860 5256 nrystica
871 5201 918 5240 co·
974 5181 1076 5237 laciern
1093 5181 1153 5238 Dei.
1169 5181 1201 5237 ln
1216 5181 1339 5237 semisse
1353 5186 1453 5239 autem
1478 5199 1556 5239 anuo
1582 5183 1797 5251 demonstrans,

94 5265 193 5338 gnatia
209 5267 358 5324 declarat:
375 5268 444 5341 quia
463 5267 597 5324 videlieet
622 5269 742 5343 triginta
756 5272 919 5345 aequalibus
972 5270 1042 5342 quia
1054 5269 1184 5327 nonnulli
1196 5274 1315 5343 propter
1325 5270 1401 5327 bona
1417 5270 1536 5344 quidam
1548 5288 1638 5345 opera
1648 5274 1686 5330 ad
1697 5274 1797 5329 electo·

94 5354 157 5409 suis
174 5355 307 5426 partibus
322 5361 491 5430 computata
503 5357 622 5429 pariunt
637 5357 764 5431 amplius
780 5361 916 5417 duodeci·
972 5376 1037 5415 rum
1056 5358 1173 5432 quidum
1191 5361 1293 5415 tortem
1309 5360 1504 5432 preordinati,
1521 5362 1572 5417 scd
1588 5367 1709 5435 propter
1725 5361 1798 5418 mula

93 5445 240 5515 murn,qui
256 5449 300 5500 est
315 5445 548 5517 patriarcharum
564 5451 592 5502 ct
607 5447 805 5520 apostolurum
818 5468 917 5506 nauro-
971 5447 1080 5521 aliqua,
1107 5448 1214 5519 quibus
1240 5448 1342 5520 polluti
1365 5449 1400 5505 de
1424 5466 1545 5523 corpore
1574 5451 1712 5507 exierunt
1735 5456 1796 5524 post

92 5544 153 5595 rua,
165 5535 193 5585 et
207 5533 282 5588 fiunt
296 5534 492 5608 quadraginta
506 5536 575 5592 duo.
585 5537 697 5593 {labent
711 5537 790 5592 enirn
806 5543 914 5609 partes,
970 5542 1093 5595 mortem
1104 5555 1201 5594 severe
1222 5538 1366 5612 castigati,
1379 5538 1565 5612 excipiuntur
1579 5541 1710 5598 llammis
1722 5541 1795 5615 ignis

90 5614 279 5687 tricesimam,
295 5636 399 5690 unum,
420 5624 701 5696 quintamdecimam
720 5626 789 5697 duo,
806 5627 915 5684 duode·
969 5627 1141 5702 purgatorii,
1153 5631 1180 5685 et
1187 5618 1335 5700 solusque
1344 5629 1380 5685 ad
1396 5628 1474 5687 diem
1484 5627 1593 5700 judicii
1608 5628 1698 5703 longa
1705 5629 1794 5702 buius
