3810 6098
99 302 153 397 hil
530 303 757 367 utnoutnos
779 302 1004 365 ananensis
1024 303 1369 370 anunturlscoros.
1745 310 1807 372 272

100 435 155 509 ipsi
171 435 312 503 videlicet,
329 451 394 489 cum
412 433 547 490 simililer
559 435 681 492 verbum
695 433 762 491 vite
775 435 920 503 audirent,
936 432 965 504 A
979 440 1111 508 pereunt,
1123 454 1181 494 non
1197 434 1247 494 Dei
1261 438 1422 507 voluntate,
1435 439 1486 495 sed
1501 438 1605 496 debite
1631 439 1807 512 perditionis

99 523 246 581 noluerint
255 523 373 578 credere
384 522 419 577 ad
427 521 692 596 justitiamNcque
703 523 781 580 enim
793 523 924 596 nequitia
979 523 1082 581 merito
1094 526 1302 599 percuntllem
1319 528 1396 585 sicut
1410 528 1544 584 conditor
1555 531 1695 584 naturam
1711 527 1809 584 homi-

99 612 245 669 malorum
260 629 294 667 ex
309 628 363 667 suo
378 610 473 666 solum
489 611 773 681 tortitudine,verum
789 613 878 670 etiam
890 630 924 670 ex
978 631 1060 682 num,
1073 614 1102 670 id
1118 618 1163 671 est
1184 615 1313 689 primum
1337 616 1499 685 bominem,
1515 616 1584 689 quia
1598 621 1628 674 et
1640 617 1699 673 Eva
1713 617 1808 674 tidem

99 701 316 773 comparatione
331 705 487 767 rectorum,
504 717 592 773 quam
608 700 647 758 sit
660 703 828 759 damnanda
840 720 925 759 mon·
978 705 1032 771 est,
1048 702 1084 758 ad
1103 702 1294 759 eternitatem
1310 703 1470 760 consistere
1481 703 1583 775 uoluit,
1601 704 1672 778 quia
1686 708 1808 762 eterna-

99 795 219 847 stratur.
236 811 250 840 »
268 790 323 845 Sed
339 795 368 846 et
383 794 503 846 sanctus
527 791 712 865 Augustinus
737 790 766 846 in
791 791 865 849 libro
888 793 925 848 dc
976 789 1043 846 liter
1065 790 1160 848 bonus
1185 796 1239 849 est.
1256 792 1347 860 Quem
1362 794 1397 850 ab
1413 793 1576 850 eternitate
1601 797 1706 850 contra
1720 810 1806 852 suam

98 882 197 954 egone
212 878 376 935 Christiano
387 879 456 953 (cop.
467 880 513 950 27)
524 881 559 935 dc
573 880 628 937 hac
643 879 790 954 Evangelii
806 885 924 937 senten·
976 877 1157 937 volnntatem
1172 881 1324 938 cadentem
1336 883 1417 955 juste
1432 881 1745 954 damnavit,quoniam
1755 883 1806 957 Ju-

99 971 140 1026 tia
150 969 239 1025 dicit:
262 992 274 1019 «
287 969 344 1039 Qui
361 984 417 1025 nou
432 969 528 1025 credit
536 972 604 1042 jum
611 969 765 1041 judicatus
777 977 830 1025 est.
847 968 926 1025 rra·
978 973 1042 1026 stus
1053 973 1106 1026 est.
1119 970 1315 1043 Quemquead
1326 970 1451 1027 salutem
1462 971 1557 1044 gratia
1572 971 1730 1043 reparavit,
1739 971 1807 1045 quia

99 1057 223 1114 scientia
248 1057 349 1129 utique
372 1055 432 1125 Dei,
450 1055 500 1128 qui
516 1055 596 1110 novit
611 1055 680 1129 quid
698 1054 850 1112 imminent
865 1072 923 1112 non
979 1058 1144 1116 misericors
1156 1063 1210 1115 est.
1224 1059 1266 1115 lta
1278 1060 1554 1132 redemptorjustus
1563 1059 1593 1115 in
1604 1059 1745 1117 omnibus
1753 1060 1806 1117 viis

99 1147 319 1204 credentibus.»
330 1145 403 1202 Hinc
414 1145 501 1202 etiam
513 1148 633 1218 apparet
643 1144 759 1202 mentiri
771 1142 924 1201 Praedesti-
978 1143 1051 1215 suis,
1068 1150 1097 1202 et
1112 1149 1232 1204 sanctus
1248 1147 1279 1204 in
1295 1147 1434 1206 omnssrns
1457 1147 1597 1222 operibus
1613 1147 1688 1216 suis,
1703 1164 1805 1208 omnes

99 1237 285 1294 aetianorum
301 1223 431 1292 scholam
454 1233 614 1306 dyscolam,
631 1250 694 1306 que
711 1248 745 1290 ex
760 1232 815 1289 hac
830 1234 926 1290 Evan-
978 1251 1012 1292 ex
1027 1232 1155 1308 generali
1179 1250 1278 1293 massa
1302 1236 1475 1310 perditionis
1498 1237 1614 1311 genitos
1631 1236 1698 1294 vult
1711 1237 1805 1296 salum

99 1326 164 1401 gelli
177 1321 925 1396 sententiaaffirmarelucteturaDeopredestinatos
979 1323 1051 1392 fleri,
1061 1323 1130 1397 quia
1140 1323 1235 1382 bonus
1250 1329 1295 1382 est
1307 1342 1313 1384 :
1326 1326 1377 1383 scd
1393 1326 1537 1400 quosdam
1549 1325 1579 1382 in
1588 1327 1692 1384 eadem
1707 1343 1806 1386 massa

99 1417 135 1473 ad
148 1414 310 1472 interitum.
321 1414 356 1468 Et
370 1412 439 1468 item
455 1409 629 1469 venerabilis
640 1411 718 1467 Beda
728 1411 879 1485 presbyter
893 1410 924 1470 in
979 1410 1151 1486 perditionis
1157 1413 1270 1486 judicio
1283 1414 1391 1472 deserit
1401 1414 1540 1489 quoniam
1546 1415 1651 1488 justus
1662 1420 1807 1490 eet,quos·

98 1509 269 1565 Commenta
284 1500 430 1575 Evangelii
447 1501 541 1569 Luce,
553 1500 630 1556 beati
643 1499 799 1574 Augustini
814 1503 842 1557 et
857 1500 928 1560 alio·
979 1502 1047 1557 dnm
1058 1519 1075 1558 a
1085 1502 1247 1575 perditione
1257 1503 1371 1560 cunctis
1381 1503 1479 1561 debita
1490 1503 1565 1561 dono
1576 1504 1681 1579 gratie
1691 1503 1804 1579 liberat,

98 1613 164 1654 rum
176 1595 294 1651 Petrum
307 1592 534 1649 orthodoxorum
546 1605 671 1663 sequens
683 1590 923 1660 sententias,ait:
979 1589 1048 1663 quia
1068 1591 1235 1649 misericors
1257 1598 1312 1648 cat.
1328 1593 1364 1649 Et
1388 1609 1423 1650 ne
1444 1591 1534 1650 velint
1557 1593 1644 1651 nobis
1673 1594 1805 1667 illudere,

101 1688 197 1744 «Dico
213 1692 311 1742 cirtem
331 1681 421 1750 rubis,
432 1680 498 1753 quia
513 1679 593 1735 curui
603 1680 725 1736 trecenti
738 1680 872 1752 dabitur,
887 1682 927 1740 ab
979 1679 1110 1736 dicentes
1134 1680 1231 1736 emuli
1257 1685 1341 1738 recte
1363 1682 1442 1752 fidei,
1458 1681 1598 1757 quoniam
1613 1684 1763 1757 quosdam
1776 1684 1809 1743 ln

97 1792 130 1833 eo
140 1781 238 1831 aulem
257 1774 307 1845 qut
316 1786 371 1828 non
382 1770 478 1836 hahet,
490 1778 517 1824 ct
531 1769 606 1841 quod
621 1767 708 1825 lohet
722 1771 876 1838 miseretur
888 1772 925 1828 oh
980 1784 1079 1824 massa
1093 1768 1265 1841 perditionis
1280 1771 1398 1841 deserit,
1415 1770 1480 1829 ideo
1492 1771 1571 1829 Deus
1580 1770 1808 1845 justusestnli·

97 1882 131 1920 eo
144 1861 266 1932 ·(lttnlth.
290 1875 350 1928 xn1,
377 1858 431 1923 ll).
458 1858 522 1913 Hec
548 1858 584 1913 ad
604 1857 755 1930 superiora
778 1860 925 1919 sententia
978 1859 1023 1914 ter
1036 1858 1115 1914 enim
1126 1859 1229 1930 justus
1243 1875 1307 1916 csse
1322 1876 1380 1917 non
1396 1862 1505 1934 posset,
1522 1860 1622 1936 legant
1644 1863 1805 1933 Psalmum,

98 1949 341 2023 respicit,d0cons
352 1952 379 2003 et
394 1944 476 2001 illum
492 1962 578 2018 posse
593 1945 726 2004 amittere
741 1964 851 2005 munus
862 1950 921 2019 Dei,
978 1945 1029 2003 ubi
1052 1945 1128 2004 inter
1151 1952 1255 2004 uetera
1279 1949 1454 2007 decantatur
1468 1968 1475 2006 τ
1491 1951 1548 2022 Qui
1565 1952 1715 2025 perenne
1728 1964 1808 2026 πρυ

99 2041 150 2113 qui
173 2039 284 2095 hebens
309 2053 366 2092 non
392 2034 489 2104 hebet,
507 2035 593 2092 idest
608 2053 667 2093 non
683 2036 784 2106 utitur,
801 2042 829 2095 et
843 2038 873 2094 in
889 2055 923 2097 co
977 2030 1803 2114 enneae,creceiuureqeasorreaerdediererrameersn

99 2129 198 2202 augeri
215 2127 264 2199 qui
281 2125 393 2182 habens
407 2125 504 2192 habet,
521 2124 575 2180 hoc
590 2130 635 2182 est
650 2126 724 2183 bene
740 2127 843 2183 utitur.
859 2151 873 2178 n
888 2128 924 2185 Et
978 2123 1455 2201 terrenitatempopalosaoouia
1470 2129 1500 2185 in
1519 2128 1696 2188 hurrrttitnte
1707 2135 1803 2190 nostra

98 2217 184 2292 paulo
199 2216 352 2289 superius:
374 2214 483 2270 «Recte
499 2214 608 2269 amittit
629 2213 763 2272 collatam
784 2217 921 2289 gratiam,
976 2215 1152 2290 memorsuil
1160 2225 1224 2272 nest
1243 2217 1295 2286 iet
1304 2217 1429 2274 redemit
1438 2232 1491 2274 nos
1499 2219 1537 2276 etr
1548 2218 1801 2278 interteienostrr's:

99 2321 187 2381 quam
199 2304 383 2378 predicando
400 2302 465 2358 aliis
481 2303 698 2359 communicare
711 2304 881 2378 neglexit,ut
896 2306 922 2362 ci
978 2321 1029 2377 per
1043 2303 1170 2379 singula,
1183 2307 1319 2380 quonium
1329 2308 1360 2363 in
1369 2312 1511 2365 eternum
1526 2308 1803 2385 misericordiaque

98 2399 240 2470 augeatur
264 2393 312 2466 qni
340 2393 407 2448 inde
436 2390 587 2461 laboravit,
609 2392 695 2463 juxta
716 2394 793 2465 quod
819 2393 922 2468 angelo
976 2395 1066 2463 (Prot.
1084 2411 1184 2461 cxxxv,
1200 2396 1255 2464 17).
1283 2397 1387 2453 Justus
1415 2395 1446 2452 in
1471 2397 1622 2468 omnibus,
1655 2398 1751 2456 honus
1775 2399 1803 2456 iu

98 2484 203 2559 Ephesi
219 2483 352 2543 Ecclesia
369 2481 475 2538 dicitur
491 2497 498 2536 ε
516 2485 550 2538 Et
573 2482 690 2538 triorche
712 2484 923 2541 candelabrum
977 2482 1125 2551 omnibus,
1138 2487 1167 2539 et
1182 2500 1249 2540 cum
1264 2484 1350 2557 punit
1364 2484 1481 2558 impios,
1493 2490 1522 2542 et
1536 2501 1606 2543 cunr
1623 2485 1731 2545 liberat
1744 2504 1802 2563 pec·

97 2592 182 2632 surim
197 2573 232 2630 de
249 2572 311 2630 loco
325 2571 453 2643 suo,uist
462 2570 666 2644 penitentium
681 2572 775 2644 eqerit
786 2577 796 2641 (
807 2578 879 2644 tpoc
890 2590 921 2640 11,
977 2575 1101 2644 catores,
1118 2576 1146 2628 et
1162 2589 1230 2628 cum
1248 2577 1367 2631 coronat
1381 2575 1476 2648 gratia
1486 2575 1596 2647 justos.

97 2666 135 2737 5),
150 2669 178 2720 et
190 2680 257 2720 cum
274 2661 385 2734 regium
397 2661 470 2717 2⁰7
485 2659 624 2729 chrisme,
635 2661 711 2733 quod
726 2660 922 2733 superbiendo
1013 2661 1089 2718 2⁰8
1101 2663 1241 2718 Ceterum
1252 2662 1287 2719 de
1298 2662 1392 2736 primo
1404 2663 1482 2736 quod
1500 2667 1617 2736 ponunt
1635 2664 1802 2724 testimonio

99 2751 168 2811 Saul
188 2751 296 2824 amisit,
308 2748 398 2809 David
415 2747 576 2805 obediendo
592 2748 773 2822 promeruit:
790 2749 920 2823 Spiritus,
976 2747 1152 2806 aitsanctus
1167 2751 1351 2824 Augustinus
1369 2750 1399 2807 in
1415 2751 1529 2824 psalmo
1543 2769 1600 2810 exn
1611 2755 1657 2825 (ln
1671 2760 1802 2814 enm-rot,

98 2843 203 2914 inquit,
219 2841 331 2898 Domini
339 2837 777 2908 annessaeaareectrecueeu
792 2843 822 2898 iu
835 2839 923 2898 Dauid
975 2841 1028 2895 rub
1041 2835 1140 2912 finem.
1156 2838 1247 2909 (Prot.
1263 2855 1341 2908 cxur,
1358 2841 1421 2911 lll:
1445 2845 1521 2898 Deua
1542 2850 1646 2900 nutem
1661 2849 1763 2902 noster
1774 2846 1803 2904 tr

98 2949 116 2988 e
129 2932 173 2990 dic
189 2932 238 2988 tlte
253 2938 279 2987 et
291 2930 426 3003 rhineeps.
445 2952 459 2980 »
975 2926 1211 2987 coelosuraumrn
1220 2928 1251 2984 ln
1261 2926 1343 3000 coslo,
1353 2928 1460 3002 inquit,
1472 2946 1604 2998 sursum,
1617 2931 1701 3006 quod
1710 2935 1800 2992 trans·

133 3017 922 3092 ProleruntquoquePredestinatianiadsunmconllr·
976 3017 1108 3092 graditur
1130 3017 1230 3074 omnia
1250 3023 1371 3090 corpora
1394 3017 1523 3076 coelestia
1545 3024 1575 3076 et
1593 3021 1758 3092 terrestria,
1773 3021 1803 3079 io·

98 3110 236 3168 mandam
253 3108 439 3174 sententiam,
458 3107 596 3180 quoniam
620 3108 670 3180 qui
695 3123 752 3163 non
772 3108 922 3165 salvantur
977 3105 1335 3164 coelisetinterreemna'c
1350 3120 1524 3182 quecunque
1541 3107 1730 3185 uoluitsccit.
1746 3110 1799 3168 lico

98 3219 155 3257 non
167 3204 211 3255 est
223 3198 339 3271 penitus
349 3196 485 3254 voluutas
496 3196 613 3253 Domini
628 3202 660 3253 ut
674 3196 832 3267 adventur,
842 3198 920 3271 psal·
936 3174 958 3243 (i
977 3194 1089 3268 indiget
1103 3192 1241 3267 operibus
1257 3195 1320 3252 suis
1339 3200 1480 3269 tanquam
1495 3197 1525 3253 in
1541 3196 1583 3254 eis
1598 3197 1760 3258 collocetur
1771 3203 1804 3258 ur

98 3303 213 3344 morum
237 3286 405 3343 testimonia
421 3303 427 3342 :
444 3289 522 3341 Deus
545 3294 645 3342 noster
673 3287 704 3342 tn
727 3286 807 3357 eoelo,
822 3287 921 3344 otrrnia
975 3286 1101 3353 mancat,
1114 3282 1206 3340 sedin
1218 3301 1273 3341 sua
1290 3284 1449 3342 eternitate
1461 3284 1604 3358 persistit,
1621 3287 1653 3344 in
1666 3305 1728 3362 qua
1742 3304 1800 3346 ma·

96 3390 269 3450 quecunque
287 3372 380 3431 uoluit
398 3374 470 3444 [ecit
489 3372 582 3444 (Prot.
595 3391 671 3443 nnn,
683 3373 737 3448 ll).
749 3376 798 3431 Et:
812 3376 921 3436 Ouinia
974 3389 1048 3430 nens
1072 3371 1172 3430 omnia
1196 3389 1377 3446 quecunque
1398 3373 1491 3431 voluit
1508 3373 1577 3432 lecit
1590 3375 1621 3431 in
1636 3374 1712 3434 coelo
1728 3381 1757 3436 et
1772 3377 1804 3435 ir

96 3480 270 3539 quecunque
280 3465 369 3521 uetuit
383 3464 520 3520 Dcnrinns
530 3462 600 3537 serit
614 3465 646 3520 tn
658 3462 731 3521 coelo
741 3470 769 3521 et
779 3467 810 3523 in
825 3471 919 3538 terra,
973 3465 1061 3519 terra.
1078 3461 1151 3536 Ergo
1167 3460 1198 3518 in
1219 3461 1327 3535 quibus
1339 3466 1383 3520 est
1397 3461 1460 3536 ipsc
1473 3465 1617 3536 tanquam
1634 3464 1798 3541 indigentia

96 3554 252 3612 intererint
271 3554 300 3609 in
317 3553 449 3609 orantibus·
468 3553 676 3624 ahqasicffaal.
688 3570 799 3624 mutu,
812 3555 850 3624 8).
863 3556 919 3614 Sed
974 3552 1113 3618 continet,
1130 3568 1188 3607 non
1203 3551 1239 3608 ab
1256 3550 1298 3607 eis
1313 3555 1454 3625 tanquam
1469 3551 1608 3627 indigens
1622 3553 1799 3613 continetur.

95 3644 181 3718 louge
196 3661 284 3700 sensu
301 3642 357 3698 alio
374 3641 424 3697 illa
444 3645 592 3714 exponunt
614 3643 747 3700 doctores
771 3644 918 3702 catholici.
974 3640 1040 3697 Sive
1062 3639 1105 3697 sic
1129 3639 1324 3714 intelligitur:
1343 3639 1374 3696 In
1399 3639 1471 3698 coelo
1494 3644 1524 3698 ct
1548 3641 1578 3697 in
1603 3644 1685 3700 tarra
1705 3643 1805 3701 omnin

95 3735 153 3792 Nos
164 3737 273 3801 autern,
285 3736 443 3803 antequam
457 3735 625 3787 sanctorum
641 3730 709 3787 hinc
725 3731 920 3804 expositiones
974 3745 1155 3802 quacunque
1169 3728 1260 3785 voluit
1275 3727 1353 3797 lecit,
1376 3727 1420 3785 vel
1435 3727 1464 3784 in
1480 3729 1699 3803 superioribus,
1713 3730 1758 3790 rel
1773 3733 1801 3789 in

95 3839 251 3895 ponamus,
267 3819 333 3875 illos
350 3819 529 3892 interrogare
544 3819 691 3889 voluurus,
707 3824 807 3877 utrum
821 3820 921 3878 volun·
973 3817 1161 3874 inferioribus
1177 3816 1277 3890 populi
1292 3817 1339 3875 sui
1353 3817 1549 3875 voluntariam
1571 3818 1702 3893 gratiam
1718 3834 1804 3878 suam

95 3913 155 3967 tuto
172 3908 222 3966 Doi
242 3907 337 3980 angeli
353 3908 388 3964 de
400 3906 482 3975 coelo,
494 3908 665 3965 ethomines
676 3908 705 3964 in
721 3909 857 3983 paradiso
872 3927 919 3966 ce·
973 3903 1135 3973 constituit,
1153 3923 1189 3962 ne
1204 3905 1270 3979 quis
1285 3906 1321 3964 de
1336 3922 1458 3980 operum
1482 3906 1598 3964 meritis
1617 3906 1772 3981 glorieturz
1788 3928 1804 3961 s

95 3997 229 4057 uiderint.
240 3998 269 4054 Si
288 3997 413 4053 dixerint
427 3996 497 4069 quia
511 3997 660 4054 voluntate
677 3998 792 4054 Domini
807 3998 918 4056 cecide·
973 3994 1137 4050 Etsanctus
1150 3994 1357 4068 llleronymus:
1369 3996 1704 4055 Deeucutemnesteria
1718 3995 1802 4068 eoeto,

94 4086 259 4161 runt,plebs
270 4087 405 4142 universa
414 4085 557 4158 lapidabit
567 4104 616 4143 cos
628 4104 635 4143 ε
647 4102 829 4159 consequens
840 4086 918 4143 enim
972 4086 1072 4140 crnne’a
1080 4082 1355 4158 quecunqucuoluit
1365 4084 1448 4161 serit.
1456 4082 1534 4142 Deus
1544 4085 1574 4141 in
1586 4082 1661 4143 caelo
1669 4092 1799 4155 nursam,

94 4181 180 4235 estut
190 4177 290 4234 dicant
301 4176 393 4233 Deum
404 4192 492 4232 casas
502 4173 620 4231 illorum
631 4179 791 4232 auctorem.
808 4176 843 4232 Et
853 4192 918 4232 om·
973 4173 1078 4230 dicunt
1093 4174 1189 4230 sancti
1203 4175 1239 4229 ad
1255 4171 1323 4231 illos
1346 4172 1480 4231 infideles
1494 4172 1546 4247 qui
1560 4171 1640 4230 idola
1654 4174 1800 4232 adorant:

94 4285 145 4325 nes
155 4267 399 4325 sciuutsnnctum
412 4264 584 4339 Gregorium
595 4264 735 4320 veraciter
750 4265 780 4321 in
796 4265 919 4322 homilia
971 4262 1030 4320 Vos
1044 4266 1157 4320 vestros
1172 4264 1249 4322 Deos
1266 4262 1300 4319 de
1315 4279 1406 4319 manu
1421 4256 1690 4337 tangitis,ctooulis
1704 4277 1803 4322 mmo·

92 4359 128 4413 34
138 4357 247 4414 dicore:
257 4355 453 4431 «Angelorum
464 4355 572 4428 quippe
583 4353 770 4410 ethominum
781 4358 919 4412 naturam
972 4351 1050 4408 libus
1064 4350 1181 4408 cernitis
1196 4369 1203 4422 ;
1224 4352 1276 4409 sed
1291 4351 1477 4409 nosterDcus
1489 4349 1602 4409 iucmlo
1613 4352 1799 4424 estsurmror,

93 4446 128 4501 ad
146 4447 380 4518 cognoscendum
397 4463 428 4501 sc
444 4443 585 4501 Dominus
600 4442 831 4517 condidit,quam
845 4444 917 4501 dum
971 4440 1001 4498 in
1020 4439 1092 4498 coelo
1107 4444 1136 4498 et
1151 4440 1181 4496 in
1197 4444 1275 4498 terre
1299 4439 1399 4498 omnia
1417 4456 1601 4515 quacunque
1614 4441 1709 4501 voluit
1723 4443 1798 4501 recia

93 4535 251 4590 consistere
262 4535 298 4589 ad
314 4534 505 4590 eternitatem
518 4533 619 4601 voluit,
631 4550 696 4589 earn
711 4533 812 4607 procul
828 4534 955 4611 dubioD
971 4532 1003 4588 In
1014 4530 1061 4587 his
1072 4531 1122 4603 qui
1139 4530 1285 4588 coelestom
1301 4530 1391 4588 uitem
1408 4534 1511 4605 agunt,
1529 4534 1559 4589 ct
1573 4529 1675 4589 adhuc
1687 4536 1801 4590 terrens

92 4623 129 4678 od
145 4639 229 4677 suern
245 4621 469 4678 stratilitudinem
485 4623 622 4679 amarit.»
638 4622 667 4679 Si
683 4626 779 4679 autem
796 4623 915 4681 ueritate
969 4637 1056 4678 carne
1067 4620 1237 4690 cluduntur,
1248 4620 1382 4694 implebit
1393 4619 1558 4678 voluntates
1569 4620 1808 4680 susspectum

93 4711 215 4767 convicti
242 4727 342 4767 verum
372 4711 507 4777 dixerint,
524 4728 581 4768 non
608 4712 656 4766 Dei
679 4711 838 4781 voluntate,
864 4714 915 4771 sed
969 4728 1036 4768 roro
1052 4710 1220 4768 testimonio
1242 4727 1276 4767 cx
1286 4710 1400 4784 psalmo
1411 4709 1545 4768 excitem
1560 4713 1686 4769 sanctos
1698 4708 1798 4768 fficiu-

93 4800 209 4874 proprio
234 4799 300 4856 illos
327 4799 394 4856 vitio
418 4800 568 4868 cecidisse,
584 4801 773 4858 manifestum
789 4807 834 4859 est
848 4803 917 4876 quia
970 4799 1166 4874 nymusdicit:
1177 4824 1186 4850 a
1198 4803 1307 4857 Omnia
1321 4815 1494 4876 quecunque
1508 4797 1800 4875 coluitseca‘ttnooete

92 4907 151 4947 non
162 4907 229 4947 cum
240 4889 293 4959 cis,
306 4890 356 4946 sed
375 4894 476 4946 contre
491 4907 540 4946 eos
551 4890 663 4963 prolato
674 4892 709 4947 ab
721 4890 793 4964 ipsis
804 4892 916 4949 iaciunt
969 4891 1144 4961 arietarent,
1169 4890 1201 4946 in
1224 4890 1304 4946 neeri
1327 4896 1356 4946 et
1377 4891 1409 4947 in
1426 4889 1559 4947 omnibus
1574 4888 1690 4963 atqna
1704 4885 1798 4961 (Psoi.

90 4979 269 5038 testimonia.
282 4979 424 5046 Quoniam
436 4980 512 5036 sicut
523 4981 581 5036 duo
593 4980 679 5053 primi
695 4981 840 5050 hominos,
857 4999 915 5038 non
970 4996 1080 5048 cxxxiv,
1096 4980 1136 5047 6).
1155 4977 1208 5035 Pro
1228 4978 1377 5035 voluntate
1406 4977 1548 5035 bonitatis
1569 4975 1682 5052 placuit
1696 4974 1755 5036 Deo
1769 4976 1802 5035 nr

91 5070 142 5128 Dei
154 5069 311 5137 uoluntate,
324 5068 374 5125 sed
394 5085 447 5124 suo
466 5068 535 5125 vitio
551 5069 728 5141 ceciderunt,
742 5068 803 5142 qui,
816 5074 917 5127 utcre·
969 5066 1799 5138 excelsasanimas‚ineridnsmentcs,inseculiductibus,

91 5157 915 5233 dimusboatuAugustinooteeterissanctisdicentibus,
970 5156 1806 5231 inprolanditatomalitlaelacercmirabilia.»Etsanctus·

91 5247 141 5304 Dei
163 5250 258 5323 gratia
282 5265 333 5322 por
357 5247 558 5322 poenitentiam
573 5247 609 5302 od
625 5247 751 5304 salutem
765 5248 794 5302 in
809 5247 916 5304 Christi
969 5245 1153 5320 Augustinus
1166 5245 1206 5302 ita
1222 5263 1274 5319 per
1287 5245 1352 5304 loca
1378 5262 1528 5321 exponens
1556 5244 1651 5304 dicit:
1668 5269 1682 5297 a
1699 5244 1799 5302 Omnia
1816 5276 1820 5280 -

91 5338 233 5411 sanguino
249 5338 398 5395 redierunt
409 5355 416 5393 :
429 5338 470 5393 ito
483 5337 518 5393 de
528 5336 666 5391 omnibus
676 5335 706 5391 in
720 5335 808 5408 primi
821 5336 916 5392 homi·
971 5351 1138 5411 quecunque
1164 5336 1251 5392 eol-uit
1276 5337 1409 5394 Dominus
1423 5337 1488 5408 [ecit
1502 5338 1533 5393 in
1547 5336 1614 5393 coelc
1626 5343 1653 5392 et
1669 5336 1700 5392 in
1714 5344 1798 5404 tem,

92 5425 138 5482 nis
148 5433 265 5500 peccato
276 5427 408 5500 perditis,
421 5431 450 5484 et
460 5426 489 5481 in
500 5425 633 5498 ejusdem
652 5423 813 5496 perditione
830 5442 916 5499 gene·
971 5428 999 5482 in
1015 5426 1090 5482 euri
1103 5430 1130 5480 et
1146 5426 1176 5480 iu
1191 5427 1317 5482 munibus
1331 5425 1448 5499 abyssis.
1464 5425 1535 5494 Quis
1550 5429 1649 5482 autem
1665 5436 1801 5499 compre-

93 5513 173 5584 ratis,
189 5517 357 5590 quicunque
387 5516 548 5583 salvantur,
575 5512 669 5587 gratia
692 5512 755 5580 Dei,
780 5512 830 5587 qui
855 5514 917 5573 uult
970 5514 1081 5571 hendat
1094 5513 1176 5571 hec?
1190 5515 1220 5571 Si
1237 5515 1483 5588 comprehendere
1502 5511 1603 5572 omnia
1618 5528 1677 5570 non
1692 5526 1799 5586 possu-

91 5617 193 5662 omues
209 5605 342 5664 homines
367 5607 462 5666 salum
483 5603 557 5678 fieri,
573 5603 733 5675 salvantur,
749 5603 918 5683 quicunque
971 5606 1164 5677 mus,tau1en
1188 5603 1305 5663 credere
1330 5604 1430 5663 omnia
1453 5602 1630 5662 inconcusse
1650 5607 1680 5662 et
1697 5605 1823 5664 tame*
