3810 6098
43 290 104 352 eut
596 286 647 346 DE
669 284 759 346 FIDE
780 284 932 345 cerreto
956 283 1046 342 rrum
1069 284 1205 342 SELVA.
1653 288 1659 295 “
1693 286 1753 346 962

44 440 112 481 esse
129 423 301 479 noscuntur.
319 422 353 476 Et
368 436 420 476 noo
441 420 471 475 in
496 420 608 474 minere
633 418 743 474 herodii
769 433 874 489 genere
890 419 911 484 Λ
930 414 1083 488 deprimet,
1096 415 1189 470 nrutte
1203 414 1296 470 virtus
1311 417 1392 469 tione
1408 417 1528 473 aetionis
1545 421 1674 492 suppetit
1689 436 1753 491 qum

45 510 110 568 haee
134 508 330 583 intelligentia
354 509 492 564 abhorret
517 526 533 563 a
556 525 633 574 rere,
650 525 717 562 eum
742 507 873 560 dicitur:
932 505 1035 559 ithisin
1052 522 1180 576 superna
1194 504 1501 562 sustollat.Umteenm
1514 510 1754 566 meximotimere

46 600 163 658 herodii
176 598 271 655 (temes
290 599 348 653 dar
371 615 474 652 eorum.
492 597 564 661 Quia
584 597 670 666 juxta
693 594 874 667 Apostolum,
932 612 964 649 ec
982 599 1247 666 tremoro,cumquo
1264 595 1391 648 inarime
1407 595 1602 652 sollieitudine
1618 598 1754 654 continue

47 689 197 759 Christus,
210 703 277 744 eum
289 687 369 741 dives
380 690 457 741 esset
468 689 584 757 propter
595 701 647 739 nos
661 701 771 755 pauper
783 684 876 738 t'oetus
931 684 1114 738 cormidrrore
1130 688 1217 755 etque
1234 684 1335 738 timere
1349 684 1540 747 ‹letemusme
1556 704 1608 741 uas
1623 687 1672 759 qui
1689 689 1755 760 ptus

47 781 105 843 est,
122 781 218 833 utnos
235 774 328 847 ipsius
344 774 442 846 inopia
457 774 619 829 ditaremur·
634 774 669 842 (tt
686 775 745 827 Cor.
763 790 822 840 ιἰιι,
838 773 876 838 a).
933 773 1044 828 certeris
1062 773 1089 826 iu
1107 773 1160 825 ime
1177 773 1286 827 unriido
1309 772 1455 845 :recepisse
1471 773 1581 845 aliquid
1598 777 1754 845 ceruirnur,

46 868 84 923 m
100 865 243 940 propheta
258 865 292 918 de
309 864 357 919 itlo
373 862 444 917 dicit
460 881 466 917 :
485 863 607 918 t'idimar
630 878 693 916 euru
714 869 739 915 rt
753 877 805 914 riou
821 868 879 915 eret

47 963 184 1028 asperim,
205 957 233 1009 et
253 957 365 1018 catere,
390 968 483 1024 usque
513 951 594 1018 (tum,
619 966 668 1005 aec
696 951 879 1021 repererimus

48 1060 115 1102 eum
129 1044 194 1116 (ise.
212 1059 270 1110 eur,
287 1042 326 1111 3).
343 1041 397 1108 Qui
414 1041 499 1096 nobis
523 1039 642 1111 reliquit
665 1037 830 1109 exeruplum
848 1041 880 1092 ut

50 1149 215 1204 sequamur
227 1131 350 1202 vestigia
366 1130 440 1200 ejus.
457 1129 547 1200 Cujus
562 1128 674 1184 herodii
700 1129 806 1183 eternus
822 1127 880 1182 dux

50 1225 97 1278 est
112 1236 278 1293 passerum,
296 1219 323 1272 id
340 1225 384 1274 est
409 1219 512 1273 mnndi
536 1222 769 1289 contemptorum
788 1235 794 1270 :
813 1217 881 1289 quia

51 1326 130 1382 sepe
141 1308 229 1364 etiam
242 1308 271 1362 in
283 1306 482 1369 saecularibus,
494 1306 522 1360 in
536 1323 660 1377 querum
677 1306 821 1364 cordibus
831 1322 882 1378 per

53 1398 142 1453 tidem
159 1395 272 1451 habitat
294 1394 439 1461 Christus,
455 1399 484 1448 et
500 1394 528 1447 in
546 1411 672 1465 (puerum
686 1410 771 1464 opere
787 1393 882 1465 ipsius

52 1486 156 1541 lucent
170 1483 313 1556 exempta,
330 1501 387 1538 non
403 1482 500 1538 solum
516 1482 705 1538 ecclesiastici
720 1480 764 1536 rel
781 1499 881 1536 anina·

53 1576 113 1645 ehi,
131 1575 161 1629 in
177 1573 306 1630 subditis
326 1572 448 1645 prelati,
465 1572 494 1628 in
511 1572 631 1644 privatis
648 1571 727 1643 regie
741 1576 883 1644 potestate

54 1662 199 1739 praecelsi,
215 1663 312 1730 videro
328 1661 425 1716 retent
449 1661 526 1733 quod
551 1661 702 1716 imitentur
719 1678 725 1714 :
741 1678 841 1716 verrini
855 1664 883 1714 et

56 1754 134 1811 unde
150 1768 181 1808 se
195 1751 409 1824 reprehendent
426 1754 455 1805 et
466 1750 650 1821 erubescant,
667 1749 736 1821 quio
751 1754 820 1804 sunt
836 1750 882 1803 in-

933 862 1103 915 alienatore
1128 861 1229 915 ruundi
1256 862 1373 932 gravius
1399 863 1464 917 inde
1490 864 1668 934 judicemur.
1685 873 1756 921 tium

933 949 1010 1004 enim
1022 955 1167 1019 erigentur
1183 950 1401 1015 ‹tona,ratieues
1416 952 1504 1007 etiam
1520 960 1656 1009 crescunt
1671 955 1758 1010 dono

934 1057 1011 1094 rum.
1029 1040 1122 1093 Teate
1138 1056 1205 1109 ergo
1229 1056 1293 1094 osse
1318 1039 1458 1095 humilior
1478 1046 1565 1114 atque
1578 1043 1614 1097 ed
1631 1044 1757 1100 servien-

935 1128 1004 1181 dum
1023 1127 1184 1199 promptior
1208 1127 1332 1199 quisque
1353 1129 1437 1183 ‹tetaet
1452 1147 1485 1183 ex
1502 1148 1632 1203 mouere,
1649 1137 1758 1205 quanto

935 1234 965 1271 se
981 1216 1180 1289 obligatiorem
1195 1233 1258 1270 esse
1273 1216 1414 1287 conspicit
1428 1218 1456 1272 iu
1474 1220 1620 1277 reddenda
1636 1224 1757 1280 ratione.

936 1306 1036 1361 Sciens
1051 1307 1119 1377 (pria
1134 1307 1179 1360 cui
1198 1306 1262 1377 ptus
1277 1307 1481 1367 cornmittitur.
1492 1308 1557 1379 ptus
1573 1312 1608 1366 ab
1624 1330 1656 1368 eo
1672 1315 1760 1387 exigi-

937 1396 1115 1465 tur,etjuxta
1125 1395 1280 1465 Scriptura
1292 1396 1485 1452 sententiam:
1504 1399 1626 1456 t'eterrtes
1638 1411 1761 1472 potenter

936 1492 1067 1538 terrerum
1095 1485 1244 1554 patiretur,
1264 1486 1363 1552 aripeo
1391 1487 1549 1542 ronredrtm·
1571 1492 1761 1548 misericordia

937 1573 1010 1644 (Sep.
1029 1591 1066 1636 vr,
1082 1574 1119 1643 7).

972 1662 1099 1733 decipite
1124 1661 1178 1716 iste
1204 1660 1382 1717 succinctius
1399 1663 1485 1718 dieta.
1503 1665 1532 1719 Si
1549 1671 1646 1722 autem
1659 1671 1759 1741 jusse-

940 1751 1013 1816 rios,
1031 1751 1108 1805 etde
1124 1750 1178 1805 hoc
1194 1752 1272 1806 etde
1297 1751 1362 1807 aliis
1392 1753 1547 1825 Scripturee
1577 1774 1665 1814 sacrm
1695 1776 1760 1815 sen-

55 1843 175 1898 terdum
189 1839 318 1895 minores
333 1839 447 1905 merito,
465 1838 515 1910 qni
532 1843 601 1892 sunt
614 1839 739 1909 meJ'ores
755 1838 883 1905 nouiioe,
941 1839 1050 1902 tentiis,
1067 1843 1094 1892 et
1116 1856 1166 1910 pro
1195 1840 1332 1911 imposito
1362 1842 1535 1911 ministerio,
1553 1850 1582 1900 et
1597 1864 1648 1918 pre
1664 1849 1763 1906 debite

56 1927 885 1988 etlaudabilioressanctitatisinfructuosohonoretinde

58 2019 201 2094 prophete
218 2018 289 2075 dicit
305 2034 311 2072 z
329 2018 470 2081 Erubesce,
500 2017 593 2072 Sideri.
627 2019 670 2072 Ait
697 2020 772 2073 enim
798 2033 884 2082 eriere,

57 2107 188 2180 fortitude
202 2108 290 2162 meris
304 2105 396 2161 dicerer
411 2108 475 2174 (iso.
492 2123 571 2170 xxia,
582 2108 619 2173 t).
634 2107 685 2160 Per
699 2106 788 2160 Sidou
800 2105 885 2177 quip-

61 2214 107 2270 pe,
123 2194 276 2269 religionis
306 2195 423 2250 nomine
447 2196 531 2267 quasi
561 2196 688 2266 quadam
715 2194 886 2249 tortitudine

60 2285 167 2341 muniti
183 2289 212 2339 et
227 2283 363 2351 decorat-i,
383 2301 433 2356 per
458 2301 537 2338 mare
560 2289 655 2339 autem
674 2284 826 2339 saculares
842 2285 885 2338 in·

62 2371 297 2447 tetliguntur,qui
309 2376 342 2427 ut
355 2390 440 2427 verus
456 2373 594 2428 herodius
608 2372 758 2428 velocitate
773 2373 887 2427 rotatus

63 2467 92 2519 et
106 2460 352 2536 magnanimitate
367 2460 493 2529 virtutis,
511 2461 595 2534 quasi
619 2462 736 2534 capiens
755 2463 887 2518 volucres

62 2568 167 2610 semen
191 2552 278 2622 juxta
305 2549 383 2606 viam
410 2551 604 2618 comedentes,
621 2551 648 2606 id
670 2557 713 2607 est
742 2552 888 2606 daroones

62 2642 183 2699 verbum
198 2641 233 2697 de
249 2641 335 2697 corde
350 2640 533 2696 audientium
552 2639 685 2695 tollentes
695 2642 888 2695 accredentes

63 2729 133 2789 salvi
148 2731 232 2797 itant,
245 2733 359 2785 coercet
374 2735 402 2784 et
417 2729 635 2801 comp1·imit,ne
645 2735 759 2784 tantum
775 2730 889 2800 possint

63 2823 177 2877 tentme
199 2816 346 2884 homines,
362 2817 441 2873 vetut
463 2818 546 2873 docet
562 2835 569 2872 :
585 2820 694 2884 Discite,
712 2818 856 2890 inquiens,
872 2836 889 2873 a

62 2925 115 2975 me,
132 2910 201 2981 qaia
223 2909 303 2962 mitis·
322 2923 384 2961 aare
397 2915 422 2961 et
438 2908 552 2961 herradis
569 2906 648 2961 corde
663 2906 764 2975 (ttetdr.
777 2925 815 2975 ιιι,
831 2908 888 2975 stt),

64 2997 145 3073 parvi
156 3001 226 3053 sunt
236 2996 314 3068 apud
325 3011 355 3052 se
367 2995 395 3049 iu
409 2996 504 3062 corde,
517 3000 545 3050 et
558 2995 635 3067 apud
646 2994 780 3050 hemines
793 2994 888 3050 leude.

63 3085 119 3154 eui
129 3086 185 3143 etsi
196 3103 266 3140 cure
276 3085 317 3141 rei
333 3084 486 3140 familiaris
500 3101 533 3139 ac
548 3088 662 3139 terrena
678 3082 835 3155 tragilitete
845 3101 891 3156 ag·

64 3175 190 3249 gravati,
205 3174 335 3247 quandiu
351 3173 379 3228 in
395 3173 449 3228 hae
464 3172 523 3229 rita
544 3178 614 3229 sunt
635 3174 698 3230 sine
714 3172 805 3246 culpe
822 3191 888 3229 con·
904 3172 925 3239 C

62 3263 143 3341 tegio
159 3279 225 3320 esso
240 3280 298 3318 noa
314 3267 451 3334 possunt,
467 3266 564 3317 tauron
581 3261 704 3317 cumeis
720 3262 796 3317 iuest
811 3261 887 3333 qued

940 1928 1021 1983 vohis
1050 1927 1225 1994 ohedientia,
1250 1928 1389 2000 queniam
1420 1932 1579 2002 apostoliea
1604 1937 1763 1994 auctoritas

939 2016 1056 2072 obedire
1072 2016 1100 2069 in
1115 2016 1229 2071 Christo
1240 2021 1269 2070 et
1279 2018 1426 2089 subjectos
1444 2021 1502 2093 regi
1519 2039 1572 2078 nos
1586 2039 1650 2079 esse
1659 2026 1763 2083 debere

940 2106 1136 2170 commendat,
1152 2105 1247 2160 sciens
1271 2106 1413 2178 seriptum
1437 2110 1520 2164 retiis
1536 2127 1542 2165 :
1559 2112 1698 2184 teterrepa
1718 2132 1763 2169 sa-

940 2195 1056 2248 cerdotes
1085 2194 1169 2264 dipem
1197 2211 1283 2248 nieme
1313 2195 1390 2265 (App.
1409 2214 1438 2262 n,
1458 2201 1519 2265 12);
1537 2203 1566 2253 et
1589 2202 1672 2256 nohis
1689 2220 1696 2256 :
1713 2205 1766 2258 itu-

941 2283 1017 2337 dirur
1032 2300 1067 2336 cr
1088 2300 1133 2336 ore
1154 2299 1222 2347 ineo,
1247 2300 1406 2344 serationem.
1422 2289 1566 2342 nuntietis
1595 2292 1634 2344 eis
1661 2309 1696 2345 cr
1723 2310 1766 2349 me

940 2372 1047 2439 (tir-ert.
1063 2389 1161 2438 xxxiii,
1177 2373 1216 2441 7),
1233 2389 1296 2443 qum
1322 2374 1356 2426 ad
1388 2373 1511 2430 satutem
1537 2382 1565 2432 et
1593 2377 1764 2437 instructio·

943 2477 1008 2514 nem
1024 2460 1198 2514 eruititieois
1215 2464 1313 2514 vestrm
1331 2463 1470 2533 preficere
1486 2468 1764 2536 poterunt,lihentis·

942 2549 1014 2603 sitne
1030 2554 1172 2620 quantum
1190 2549 1251 2619 ipse
1268 2550 1439 2622 sterterepprt
1458 2553 1533 2607 tideti
1550 2572 1631 2612 servo
1647 2561 1766 2630 promit·

943 2637 999 2692 tit:
1018 2638 1100 2708 dperi
1123 2654 1150 2690 ee
1172 2647 1259 2703 turon,
1284 2647 1309 2692 et
1337 2656 1385 2705 cpe
1412 2641 1565 2712 ortiroptete
1593 2647 1663 2700 illud
1678 2651 1765 2716 (Prot.

943 2743 1023 2787 exxx,
1043 2727 1095 2794 tt),
1113 2726 1249 2780 etverhis
1274 2731 1302 2780 et
1325 2725 1429 2782 litteris
1457 2729 1599 2788 disserere
1626 2739 1655 2788 et
1683 2736 1765 2793 vebis

942 2813 1095 2886 explanare
1110 2814 1227 2869 curatio.

979 2905 1123 2973 'Feuipora
1138 2904 1278 2958 eoricedat
1293 2903 1426 2961 Christus
1442 2906 1537 2962 felicia
1551 2910 1633 2991 regni

1017 2976 1108 3044 ttuJus
1124 2978 1153 3029 et
1167 2976 1264 3028 eterni
1282 2992 1339 3042 rex,
1357 2976 1409 3031 tibi
1425 2977 1510 3033 chere
1527 2980 1609 3036 mihi.

981 3045 1094 3100 Ftoreet
1109 3045 1224 3100 {uternis
1239 3050 1335 3101 tecum
1352 3050 1495 3119 sapientia
1510 3052 1604 3120 donis,

1017 3117 1052 3170 tn
1067 3117 1117 3170 tibi
1133 3125 1303 3188 permaneat
1317 3118 1393 3183 laus,
1410 3120 1511 3188 honor,
1529 3128 1616 3195 atque
1631 3125 1722 3183 salus.

980 3187 1100 3242 Dextera
1114 3193 1142 3242 te
1157 3188 1263 3243 Christi
1280 3206 1395 3261 semper
1408 3192 1545 3249 defendat
1559 3197 1677 3269 ubique.

1015 3259 1082 3314 Vive
1098 3259 1155 3315 Deo
1172 3259 1248 3327 felix,
1265 3264 1293 3314 et
1307 3261 1370 3316 siae
1386 3264 1442 3318 tine
1457 3264 1530 3320 vale.

873 3518 949 3586 Vl·

154 3678 224 3824 te
271 3672 557 3823 tristem
603 3673 667 3820 u
711 3670 982 3820 rrectius
1028 3671 1335 3822 recreem
1387 3675 1681 3828 ereetum

581 3891 632 3949 DE
654 3890 742 3949 riou
764 3889 917 3950 CAltOLO
940 3890 1030 3949 REGI
1053 3890 1263 3950 SERVANDA

226 4023 252 4087 C
254 4045 302 4083 aar
316 4024 482 4085 Ledom'eas
497 4026 604 4084 iterum
623 4022 846 4102 Caralisratris
860 4021 1057 4100 satrapeam,
1072 4021 1123 4082 illo
1138 4022 1265 4095 obserate,
1283 4024 1434 4103 serpetri-et
1448 4047 1525 4086 aerio
1540 4032 1609 4089 855.

567 4159 659 4230 (Apud
677 4157 824 4225 eumdem,
840 4172 875 4212 ex
888 4154 957 4213 edit.
975 4155 1105 4227 htegunt.
1121 4155 1147 4210 J.
1166 4155 1268 4210 Busei.

96 4361 893 4434 ttrrrcuaausepiseopusaeptehistieisemntnsdilectis
948 4362 984 4416 ad
1001 4360 1199 4415 'theodosium
1214 4363 1379 4433 Augustum
1397 4360 1473 4416 inter
1487 4361 1772 4436 eeteradieit(episr.

59 4451 464 4509 imtribusetvenerabitihus
474 4452 619 4524 episeopis
632 4451 810 4507 tthomorum
822 4451 892 4506 dim·
947 4450 1006 4522 29);
1020 4474 1033 4500 «
1044 4450 1105 4505 Non
1120 4453 1165 4505 est
1179 4448 1508 4520 imperiale,tihortutem
1524 4450 1639 4506 dicendi
1656 4470 1773 4527 negare,

59 4558 175 4599 gmon,
948 4556 1043 4616 neque
1056 4538 1243 4606 sacerdotate,
1261 4538 1330 4609 quid
1356 4538 1466 4595 sentias
1495 4557 1552 4594 non
1573 4541 1679 4599 dicere.
1696 4543 1775 4600 Nihil

96 4630 198 4688 Cant.
209 4630 250 4686 De
265 4630 415 4686 communi
431 4630 575 4686 anxietate
591 4634 699 4698 nostra,
716 4630 752 4685 de
767 4647 826 4702 qua
838 4628 895 4685 exi·
948 4627 1025 4683 enim
1044 4629 1072 4681 in
1087 4628 1169 4683 robis
1185 4627 1412 4698 imperatoribus
1435 4632 1494 4684 tem
1518 4630 1656 4701 populare
1671 4636 1775 4689 ettam

60 4719 210 4794 guitetem
226 4735 321 4775 meam
337 4718 913 4790 dileetiovestreconsuluit,prepenens·
948 4716 1073 4773 attrahite
1088 4721 1235 4787 estonam
1250 4716 1415 4771 iiiior-tatem
1431 4717 1518 4772 etiam
1535 4717 1564 4772 in
1581 4718 1628 4774 his
1644 4719 1775 4794 diligere,

61 4807 352 4867 mihiverbesaneti
377 4807 516 4862 Bonitaeii
538 4824 629 4879 papae,
647 4809 754 4879 quihus
771 4808 892 4862 dicitad
949 4806 998 4877 qni
1021 4805 1161 4875 elisoquio
1190 4804 1301 4858 militia
1331 4804 1412 4860 vohis
1442 4806 1552 4861 subditi
1580 4813 1658 4864 sunt.
1680 4809 1775 4882 Siqui-

62 4895 211 4953 Hilarium
226 4897 445 4952 Narbonensem
467 4896 729 4968 archiepiscopum,
747 4914 894 4968 exponens
949 4895 1013 4948 dem
1032 4894 1084 4947 hoc
1108 4895 1230 4948 interest
1259 4894 1335 4948 iuter
1358 4895 1603 4951 tionesetmetos
1620 4898 1775 4968 principes,

62 4983 230 5059 capitulum
246 4986 353 5041 Nicmui
371 4985 529 5041 eoueitiide
540 4985 699 5057 privilegiis
710 4986 893 5055 singularum
909 5006 933 5069 D
949 4983 1026 5054 qrrod
1037 4983 1102 5035 taini
1119 4981 1283 5036 libertatem
1294 4985 1580 5049 aurairt‚servitutem
1594 4984 1778 5055 improbi.Ni-

63 5073 286 5146 provinciarum
304 5091 311 5130 ε
330 5097 345 5124 a
358 5075 508 5140 Advortat,
526 5074 671 5145 iuquieuS,
689 5075 816 5130 alteritas
832 5079 892 5143 tua,
949 5070 1282 5126 hilotieminsaeerdote
1300 5075 1359 5127 tam
1378 5074 1575 5144 periculosum
1586 5075 1662 5145 apud
1672 5073 1775 5141 Deum,

63 5163 136 5219 adeo
152 5179 209 5219 nas
223 5179 370 5218 canonum
385 5168 532 5236 praeeepta
547 5181 671 5232 servare,
690 5169 721 5219 ut
737 5163 777 5220 ita
790 5163 894 5219 eonsti-
950 5165 1007 5216 tam
1026 5166 1109 5231 turpe
1124 5162 1201 5231 apud
1226 5161 1363 5216 homiues
1388 5176 1476 5233 quem
1500 5164 1577 5234 quod
1594 5162 1703 5217 sentiat
1718 5178 1776 5217 non

63 5251 265 5324 tutioqnoque
276 5251 892 5324 nestradiffiniat,quatenusmetropolitani
950 5250 1039 5304 libere
1056 5249 1256 5320 pronuntiare.
1274 5249 1426 5321 Siquidem
1451 5251 1672 5322 scriptumest:
1689 5251 1721 5305 Et
1736 5251 1778 5306 te·

63 5339 306 5412 suiuaaquaeque
321 5339 470 5412 provincia
485 5341 514 5394 in
530 5340 668 5396 omnibus
684 5341 771 5396 rebus
781 5340 895 5397 ordina-
949 5340 1054 5409 preater
1069 5338 1100 5393 de
1118 5340 1282 5392 triturantis
1298 5341 1352 5393 ιιιιί
1369 5341 1398 5392 ia
1409 5346 1550 5408 correpecta
1563 5354 1669 5407 repam,
1684 5345 1710 5394 et
1722 5352 1777 5394 oon

62 5428 176 5485 tionem
191 5443 309 5500 semper
322 5430 498 5501 exspectet»
509 5446 573 5502 qum
589 5429 716 5485 donante
730 5429 851 5484 Domino
860 5447 894 5485 ex
948 5428 1137 5498 cerisaratetar
1153 5423 1538 5499 (t'.ret.‹:xv111,tss).Etalibi
1556 5442 1562 5480 :
1578 5425 1633 5480 Fili
1647 5425 1777 5496 torninir,

64 5515 203 5574 doctrina
219 5517 339 5573 Patrem
363 5521 532 5574 nostrorum
549 5518 642 5574 seatio
658 5517 775 5591 seriptis
792 5524 892 5574 vestrm
947 5518 1145 5589 speculatorem
1168 5525 1193 5572 te
1214 5519 1295 5587 posui
1320 5515 1414 5569 denies
1440 5514 1525 5568 Israel
1540 5512 1645 5584 (Eaect.
1662 5529 1704 5580 m,
1721 5515 1777 5584 17)·

64 5605 204 5665 eharitati
220 5606 392 5682 respondeo.
403 5607 710 5665 SanetusAmbrosius
725 5605 755 5663 in
770 5607 893 5683 epistota
948 5606 979 5663 ln
994 5623 1037 5676 eo,
1050 5605 1158 5682 inquit,
1171 5610 1202 5661 ut
1219 5604 1243 5662 si
1261 5605 1408 5661 avertatur
1418 5603 1519 5677 justus
1535 5601 1689 5679 ajustitiis
1703 5601 1777 5667 suit*
