<?xml version="1.0" encoding="UTF-8"?>
<!DOCTYPE html PUBLIC "-//W3C//DTD XHTML 1.0 Transitional//EN"
    "http://www.w3.org/TR/xhtml1/DTD/xhtml1-transitional.dtd">
<html xmlns="http://www.w3.org/1999/xhtml" xml:lang="en" lang="en">
 <head>
  <title>
</title>
<meta http-equiv="Content-Type" content="text/html;charset=utf-8" />
  <meta name='ocr-system' content='tesseract 3.04.00' />
  <meta name='ocr-capabilities' content='ocr_page ocr_carea ocr_par ocr_line ocrx_word'/>
</head>
<body>
  <div class='ocr_page' id='page_1' title='image "./patrologiaecurs46unkngoog_0386.png"; bbox 0 0 3810 6098; ppageno 0'>
   <div class='ocr_carea' id='block_1_1' title="bbox 311 330 1555 407">
    <p class='ocr_par' dir='ltr' id='par_1_1' title="bbox 311 330 1555 407">
     <span class='ocr_line' id='line_1_1' title="bbox 311 330 1555 407; baseline 0.002 -3"><span class='ocrx_word' id='word_1_1' title='bbox 311 340 363 404; x_wconf 83' lang='lat' dir='ltr'><strong>ult</strong></span> <span class='ocrx_word' id='word_1_2' title='bbox 383 336 571 405; x_wconf 75' lang='lat' dir='ltr'><strong>utvettrle</strong></span> <span class='ocrx_word' id='word_1_3' title='bbox 592 330 779 401; x_wconf 69' lang='lat' dir='ltr'><strong>sordebit</strong></span> <span class='ocrx_word' id='word_1_4' title='bbox 800 332 851 398; x_wconf 76' lang='grc' dir='ltr'><strong>ΕΤ</strong></span> <span class='ocrx_word' id='word_1_5' title='bbox 872 336 1102 402; x_wconf 74' lang='lat' dir='ltr'><strong>TETBERGAE.</strong></span> <span class='ocrx_word' id='word_1_6' title='bbox 1495 340 1555 407; x_wconf 70' lang='lat' dir='ltr'><strong>&#39;lbi</strong></span> 
     </span>
    </p>
   </div>
   <div class='ocr_carea' id='block_1_2' title="bbox 74 469 1568 5079">
    <p class='ocr_par' dir='ltr' id='par_1_2' title="bbox 74 469 1568 5079">
     <span class='ocr_line' id='line_1_2' title="bbox 75 469 1557 545; baseline 0.003 -14"><span class='ocrx_word' id='word_1_7' title='bbox 75 474 307 532; x_wconf 79' lang='lat' dir='ltr'><strong>conciliationem</strong></span> <span class='ocrx_word' id='word_1_8' title='bbox 319 474 453 532; x_wconf 73' lang='lat' dir='ltr'><strong>Ecclesiae</strong></span> <span class='ocrx_word' id='word_1_9' title='bbox 465 476 619 530; x_wconf 83' lang='lat' dir='ltr'><strong>merentur.</strong></span> <span class='ocrx_word' id='word_1_10' title='bbox 628 474 677 527; x_wconf 82' lang='lat' dir='ltr'><strong>At·</strong></span> <span class='ocrx_word' id='word_1_11' title='bbox 690 469 719 537; x_wconf 75' lang='grc' dir='ltr'><strong>Α</strong></span> <span class='ocrx_word' id='word_1_12' title='bbox 733 474 855 527; x_wconf 79' lang='lat' dir='ltr'><strong>sanetus</strong></span> <span class='ocrx_word' id='word_1_13' title='bbox 882 472 1063 545; x_wconf 77' lang='lat' dir='ltr'><strong>Augustinus</strong></span> <span class='ocrx_word' id='word_1_14' title='bbox 1094 472 1177 530; x_wconf 91' lang='lat' dir='ltr'><strong>uobis</strong></span> <span class='ocrx_word' id='word_1_15' title='bbox 1192 474 1242 531; x_wconf 88' lang='lat' dir='ltr'><strong>dot</strong></span> <span class='ocrx_word' id='word_1_16' title='bbox 1256 475 1357 534; x_wconf 88' lang='lat' dir='ltr'><strong>dicens</strong></span> <span class='ocrx_word' id='word_1_17' title='bbox 1371 477 1463 545; x_wconf 71' lang='lat' dir='ltr'><strong>(tenu.</strong></span> <span class='ocrx_word' id='word_1_18' title='bbox 1480 478 1514 535; x_wconf 80' lang='lat' dir='ltr'><strong>te</strong></span> <span class='ocrx_word' id='word_1_19' title='bbox 1523 476 1557 535; x_wconf 82' lang='lat' dir='ltr'><strong>dc</strong></span> 
     </span>
     <span class='ocr_line' id='line_1_3' title="bbox 75 560 1555 637; baseline 0.003 -18"><span class='ocrx_word' id='word_1_20' title='bbox 75 564 189 621; x_wconf 78' lang='lat' dir='ltr'><strong>ttetiem</strong></span> <span class='ocrx_word' id='word_1_21' title='bbox 206 565 320 620; x_wconf 88' lang='lat' dir='ltr'><strong>cunetis</strong></span> <span class='ocrx_word' id='word_1_22' title='bbox 335 561 679 637; x_wconf 80' lang='lat' dir='ltr'><strong>regibusetprincipibus</strong></span> <span class='ocrx_word' id='word_1_23' title='bbox 734 560 938 633; x_wconf 80' lang='lat' dir='ltr'><strong>Vert.l)em.):«</strong></span> <span class='ocrx_word' id='word_1_24' title='bbox 946 561 1067 619; x_wconf 86' lang='lat' dir='ltr'><strong>Duobus</strong></span> <span class='ocrx_word' id='word_1_25' title='bbox 1083 562 1177 619; x_wconf 84' lang='lat' dir='ltr'><strong>medis</strong></span> <span class='ocrx_word' id='word_1_26' title='bbox 1193 580 1251 620; x_wconf 92' lang='lat' dir='ltr'><strong>non</strong></span> <span class='ocrx_word' id='word_1_27' title='bbox 1266 569 1295 621; x_wconf 91' lang='lat' dir='ltr'><strong>te</strong></span> <span class='ocrx_word' id='word_1_28' title='bbox 1310 565 1555 634; x_wconf 75' lang='lat' dir='ltr'><strong>macularentur,</strong></span> 
     </span>
     <span class='ocr_line' id='line_1_4' title="bbox 75 648 1557 726; baseline 0.003 -18"><span class='ocrx_word' id='word_1_29' title='bbox 75 652 198 726; x_wconf 73' lang='lat' dir='ltr'><strong>imneeps</strong></span> <span class='ocrx_word' id='word_1_30' title='bbox 213 660 242 709; x_wconf 88' lang='lat' dir='ltr'><strong>ot</strong></span> <span class='ocrx_word' id='word_1_31' title='bbox 257 670 306 709; x_wconf 85' lang='lat' dir='ltr'><strong>rex</strong></span> <span class='ocrx_word' id='word_1_32' title='bbox 322 670 437 726; x_wconf 76' lang='lat' dir='ltr'><strong>protus,</strong></span> <span class='ocrx_word' id='word_1_33' title='bbox 454 650 572 724; x_wconf 80' lang='lat' dir='ltr'><strong>qrientis</strong></span> <span class='ocrx_word' id='word_1_34' title='bbox 589 651 618 705; x_wconf 92' lang='lat' dir='ltr'><strong>in</strong></span> <span class='ocrx_word' id='word_1_35' title='bbox 633 666 679 705; x_wconf 94' lang='lat' dir='ltr'><strong>re-</strong></span> <span class='ocrx_word' id='word_1_36' title='bbox 734 648 758 703; x_wconf 92' lang='lat' dir='ltr'><strong>si</strong></span> <span class='ocrx_word' id='word_1_37' title='bbox 779 666 837 705; x_wconf 92' lang='lat' dir='ltr'><strong>non</strong></span> <span class='ocrx_word' id='word_1_38' title='bbox 863 650 1039 719; x_wconf 84' lang='lat' dir='ltr'><strong>consenties,</strong></span> <span class='ocrx_word' id='word_1_39' title='bbox 1055 655 1084 707; x_wconf 91' lang='lat' dir='ltr'><strong>et</strong></span> <span class='ocrx_word' id='word_1_40' title='bbox 1112 652 1137 707; x_wconf 92' lang='lat' dir='ltr'><strong>si</strong></span> <span class='ocrx_word' id='word_1_41' title='bbox 1167 654 1343 725; x_wconf 76' lang='lat' dir='ltr'><strong>redargues3</strong></span> <span class='ocrx_word' id='word_1_42' title='bbox 1360 654 1415 711; x_wconf 87' lang='lat' dir='ltr'><strong>boc</strong></span> <span class='ocrx_word' id='word_1_43' title='bbox 1427 660 1481 722; x_wconf 91' lang='lat' dir='ltr'><strong>est,</strong></span> <span class='ocrx_word' id='word_1_44' title='bbox 1499 673 1557 712; x_wconf 91' lang='lat' dir='ltr'><strong>non</strong></span> 
     </span>
     <span class='ocr_line' id='line_1_5' title="bbox 75 738 1557 817; baseline 0.004 -23"><span class='ocrx_word' id='word_1_45' title='bbox 75 745 91 797; x_wconf 91' lang='lat' dir='ltr'><strong>t</strong></span> <span class='ocrx_word' id='word_1_46' title='bbox 103 740 134 797; x_wconf 93' lang='lat' dir='ltr'><strong>in</strong></span> <span class='ocrx_word' id='word_1_47' title='bbox 150 741 267 808; x_wconf 84' lang='lat' dir='ltr'><strong>seculo,</strong></span> <span class='ocrx_word' id='word_1_48' title='bbox 285 742 340 797; x_wconf 88' lang='lat' dir='ltr'><strong>sub</strong></span> <span class='ocrx_word' id='word_1_49' title='bbox 351 741 442 797; x_wconf 85' lang='lat' dir='ltr'><strong>tentis</strong></span> <span class='ocrx_word' id='word_1_50' title='bbox 466 741 553 795; x_wconf 89' lang='lat' dir='ltr'><strong>modo</strong></span> <span class='ocrx_word' id='word_1_51' title='bbox 573 738 679 812; x_wconf 87' lang='lat' dir='ltr'><strong>plegnli</strong></span> <span class='ocrx_word' id='word_1_52' title='bbox 734 738 1024 805; x_wconf 69' lang='lat' dir='ltr'><strong>communicarem</strong></span> <span class='ocrx_word' id='word_1_53' title='bbox 1040 740 1458 799; x_wconf 84' lang='lat' dir='ltr'><strong>consentire.Communioatur</strong></span> <span class='ocrx_word' id='word_1_54' title='bbox 1472 745 1557 817; x_wconf 84' lang='lat' dir='ltr'><strong>quip-</strong></span> 
     </span>
     <span class='ocr_line' id='line_1_6' title="bbox 77 826 1558 899; baseline 0.001 -14"><span class='ocrx_word' id='word_1_55' title='bbox 77 830 138 887; x_wconf 90' lang='lat' dir='ltr'><strong>-erit</strong></span> <span class='ocrx_word' id='word_1_56' title='bbox 152 830 182 885; x_wconf 92' lang='lat' dir='ltr'><strong>in</strong></span> <span class='ocrx_word' id='word_1_57' title='bbox 199 826 680 885; x_wconf 80' lang='lat' dir='ltr'><strong>llemmurum‹lenrnutione.Un‹le</strong></span> <span class='ocrx_word' id='word_1_58' title='bbox 735 844 779 898; x_wconf 87' lang='lat' dir='ltr'><strong>pe,</strong></span> <span class='ocrx_word' id='word_1_59' title='bbox 797 828 914 899; x_wconf 83' lang='lat' dir='ltr'><strong>quondo</strong></span> <span class='ocrx_word' id='word_1_60' title='bbox 941 829 1017 884; x_wconf 80' lang='lat' dir='ltr'><strong>teoto</strong></span> <span class='ocrx_word' id='word_1_61' title='bbox 1045 829 1110 899; x_wconf 78' lang='lat' dir='ltr'><strong>eius</strong></span> <span class='ocrx_word' id='word_1_62' title='bbox 1136 830 1317 885; x_wconf 74' lang='lat' dir='ltr'><strong>consortium</strong></span> <span class='ocrx_word' id='word_1_63' title='bbox 1341 831 1558 887; x_wconf 75' lang='lat' dir='ltr'><strong>velitntetisvrl</strong></span> 
     </span>
     <span class='ocr_line' id='line_1_7' title="bbox 75 918 1560 993; baseline 0.001 -18"><span class='ocrx_word' id='word_1_64' title='bbox 75 920 279 976; x_wconf 88' lang='lat' dir='ltr'><strong>tineessenter</strong></span> <span class='ocrx_word' id='word_1_65' title='bbox 289 936 359 975; x_wconf 87' lang='lat' dir='ltr'><strong>suos</strong></span> <span class='ocrx_word' id='word_1_66' title='bbox 370 922 454 975; x_wconf 85' lang='lat' dir='ltr'><strong>ectus</strong></span> <span class='ocrx_word' id='word_1_67' title='bbox 469 918 642 985; x_wconf 86' lang='lat' dir='ltr'><strong>consideret,</strong></span> <span class='ocrx_word' id='word_1_68' title='bbox 652 921 682 972; x_wconf 87' lang='lat' dir='ltr'><strong>et</strong></span> <span class='ocrx_word' id='word_1_69' title='bbox 735 918 955 989; x_wconf 71' lang='lat' dir='ltr'>approbationis</span> <span class='ocrx_word' id='word_1_70' title='bbox 976 919 1157 991; x_wconf 84' lang='lat' dir='ltr'><strong>adjungitur.</strong></span> <span class='ocrx_word' id='word_1_71' title='bbox 1174 920 1233 975; x_wconf 84' lang='lat' dir='ltr'><strong>lloe</strong></span> <span class='ocrx_word' id='word_1_72' title='bbox 1248 936 1317 993; x_wconf 84' lang='lat' dir='ltr'><strong>ergo</strong></span> <span class='ocrx_word' id='word_1_73' title='bbox 1331 938 1386 977; x_wconf 91' lang='lat' dir='ltr'><strong>nos</strong></span> <span class='ocrx_word' id='word_1_74' title='bbox 1400 921 1560 977; x_wconf 71' lang='lat' dir='ltr'><strong>admonens</strong></span> 
     </span>
     <span class='ocr_line' id='line_1_8' title="bbox 82 1006 1560 1082; baseline -0.001 -17"><span class='ocrx_word' id='word_1_75' title='bbox 82 1008 216 1082; x_wconf 81' lang='lat' dir='ltr'><strong>exemplo</strong></span> <span class='ocrx_word' id='word_1_76' title='bbox 229 1009 335 1082; x_wconf 89' lang='lat' dir='ltr'><strong>perdit,</strong></span> <span class='ocrx_word' id='word_1_77' title='bbox 347 1010 469 1073; x_wconf 86' lang='lat' dir='ltr'><strong>metunt,</strong></span> <span class='ocrx_word' id='word_1_78' title='bbox 481 1006 550 1079; x_wconf 78' lang='lat' dir='ltr'><strong>quiin</strong></span> <span class='ocrx_word' id='word_1_79' title='bbox 564 1024 621 1062; x_wconf 89' lang='lat' dir='ltr'><strong>nnn</strong></span> <span class='ocrx_word' id='word_1_80' title='bbox 639 1024 682 1062; x_wconf 89' lang='lat' dir='ltr'><strong>so·</strong></span> <span class='ocrx_word' id='word_1_81' title='bbox 734 1006 890 1078; x_wconf 77' lang='lat' dir='ltr'><strong>Apostolus</strong></span> <span class='ocrx_word' id='word_1_82' title='bbox 905 1007 947 1062; x_wconf 88' lang='lat' dir='ltr'><strong>eit</strong></span> <span class='ocrx_word' id='word_1_83' title='bbox 961 1024 968 1062; x_wconf 72' lang='grc' dir='ltr'>ι</span> <span class='ocrx_word' id='word_1_84' title='bbox 985 1008 1073 1064; x_wconf 83' lang='lat' dir='ltr'><strong>Nolite</strong></span> <span class='ocrx_word' id='word_1_85' title='bbox 1094 1010 1295 1065; x_wconf 80' lang='lat' dir='ltr'><strong>remnittnieere</strong></span> <span class='ocrx_word' id='word_1_86' title='bbox 1319 1010 1445 1082; x_wconf 82' lang='lat' dir='ltr'><strong>operibus</strong></span> <span class='ocrx_word' id='word_1_87' title='bbox 1469 1011 1560 1081; x_wconf 76' lang='lat' dir='ltr'><strong>infre·</strong></span> 
     </span>
     <span class='ocr_line' id='line_1_9' title="bbox 75 1094 1560 1171; baseline -0.001 -17"><span class='ocrx_word' id='word_1_88' title='bbox 75 1094 432 1171; x_wconf 82' lang='lat' dir='ltr'><strong>plurimosexemplosum</strong></span> <span class='ocrx_word' id='word_1_89' title='bbox 448 1096 682 1168; x_wconf 72' lang='lat' dir='ltr'><strong>{trevitnlisocci-</strong></span> <span class='ocrx_word' id='word_1_90' title='bbox 734 1097 834 1151; x_wconf 80' lang='lat' dir='ltr'><strong>ctuosis</strong></span> <span class='ocrx_word' id='word_1_91' title='bbox 863 1097 1035 1152; x_wconf 77' lang='lat' dir='ltr'><strong>tenebrarum</strong></span> <span class='ocrx_word' id='word_1_92' title='bbox 1063 1097 1171 1169; x_wconf 64' lang='lat' dir='ltr'><strong>(titides.</strong></span> <span class='ocrx_word' id='word_1_93' title='bbox 1187 1115 1216 1165; x_wconf 89' lang='lat' dir='ltr'><strong>v,</strong></span> <span class='ocrx_word' id='word_1_94' title='bbox 1234 1098 1289 1165; x_wconf 91' lang='lat' dir='ltr'><strong>tl).</strong></span> <span class='ocrx_word' id='word_1_95' title='bbox 1306 1099 1342 1153; x_wconf 84' lang='lat' dir='ltr'><strong>Et</strong></span> <span class='ocrx_word' id='word_1_96' title='bbox 1362 1097 1432 1169; x_wconf 88' lang='lat' dir='ltr'><strong>quie</strong></span> <span class='ocrx_word' id='word_1_97' title='bbox 1456 1115 1560 1171; x_wconf 86' lang='lat' dir='ltr'><strong>perum</strong></span> 
     </span>
     <span class='ocr_line' id='line_1_10' title="bbox 75 1184 1563 1259; baseline 0 -18"><span class='ocrx_word' id='word_1_98' title='bbox 75 1186 169 1244; x_wconf 74' lang='lat' dir='ltr'><strong>ussine</strong></span> <span class='ocrx_word' id='word_1_99' title='bbox 180 1187 269 1241; x_wconf 69' lang='lat' dir='ltr'><strong>(tribio</strong></span> <span class='ocrx_word' id='word_1_100' title='bbox 282 1184 554 1243; x_wconf 86' lang='lat' dir='ltr'><strong>rstiouomllomino</strong></span> <span class='ocrx_word' id='word_1_101' title='bbox 568 1185 679 1240; x_wconf 87' lang='lat' dir='ltr'><strong>reddet.</strong></span> <span class='ocrx_word' id='word_1_102' title='bbox 736 1188 798 1239; x_wconf 88' lang='lat' dir='ltr'><strong>erut</strong></span> <span class='ocrx_word' id='word_1_103' title='bbox 813 1202 870 1241; x_wconf 90' lang='lat' dir='ltr'><strong>non</strong></span> <span class='ocrx_word' id='word_1_104' title='bbox 885 1185 1061 1254; x_wconf 86' lang='lat' dir='ltr'><strong>consentire,</strong></span> <span class='ocrx_word' id='word_1_105' title='bbox 1074 1186 1097 1240; x_wconf 88' lang='lat' dir='ltr'><strong>si</strong></span> <span class='ocrx_word' id='word_1_106' title='bbox 1110 1190 1281 1257; x_wconf 86' lang='lat' dir='ltr'><strong>sequeretur</strong></span> <span class='ocrx_word' id='word_1_107' title='bbox 1291 1186 1469 1259; x_wconf 80' lang='lat' dir='ltr'><strong>negligentia</strong></span> <span class='ocrx_word' id='word_1_108' title='bbox 1479 1187 1563 1243; x_wconf 88' lang='lat' dir='ltr'><strong>disei-</strong></span> 
     </span>
     <span class='ocr_line' id='line_1_11' title="bbox 82 1271 1560 1348; baseline 0 -17"><span class='ocrx_word' id='word_1_109' title='bbox 82 1290 135 1347; x_wconf 85' lang='lat' dir='ltr'><strong>per</strong></span> <span class='ocrx_word' id='word_1_110' title='bbox 149 1274 476 1346; x_wconf 84' lang='lat' dir='ltr'><strong>ee‚sedetpereosqui</strong></span> <span class='ocrx_word' id='word_1_111' title='bbox 492 1290 558 1328; x_wconf 90' lang='lat' dir='ltr'><strong>eum</strong></span> <span class='ocrx_word' id='word_1_112' title='bbox 577 1271 682 1327; x_wconf 84' lang='lat' dir='ltr'><strong>imiteti</strong></span> <span class='ocrx_word' id='word_1_113' title='bbox 736 1273 832 1346; x_wconf 79' lang='lat' dir='ltr'><strong>ptine,</strong></span> <span class='ocrx_word' id='word_1_114' title='bbox 855 1274 941 1343; x_wconf 72' lang='lat' dir='ltr'><strong>diripis</strong></span> <span class='ocrx_word' id='word_1_115' title='bbox 963 1283 1064 1345; x_wconf 77' lang='lat' dir='ltr'><strong>aretem,</strong></span> <span class='ocrx_word' id='word_1_116' title='bbox 1089 1274 1194 1347; x_wconf 86' lang='lat' dir='ltr'><strong>inquit,</strong></span> <span class='ocrx_word' id='word_1_117' title='bbox 1220 1280 1250 1331; x_wconf 87' lang='lat' dir='ltr'><strong>et</strong></span> <span class='ocrx_word' id='word_1_118' title='bbox 1274 1276 1433 1348; x_wconf 73' lang='lat' dir='ltr'><strong>rederptute</strong></span> <span class='ocrx_word' id='word_1_119' title='bbox 1456 1277 1560 1346; x_wconf 64' lang='lat' dir='ltr'><strong>(teet.</strong></span> 
     </span>
     <span class='ocr_line' id='line_1_12' title="bbox 77 1361 1561 1439; baseline 0 -20"><span class='ocrx_word' id='word_1_120' title='bbox 77 1363 236 1436; x_wconf 80' lang='lat' dir='ltr'><strong>sexemplo</strong></span> <span class='ocrx_word' id='word_1_121' title='bbox 248 1381 299 1420; x_wconf 88' lang='lat' dir='ltr'><strong>seu</strong></span> <span class='ocrx_word' id='word_1_122' title='bbox 310 1363 484 1419; x_wconf 76' lang='lat' dir='ltr'><strong>auctoritate</strong></span> <span class='ocrx_word' id='word_1_123' title='bbox 495 1361 682 1434; x_wconf 88' lang='lat' dir='ltr'><strong>delinquunt,</strong></span> <span class='ocrx_word' id='word_1_124' title='bbox 736 1363 838 1419; x_wconf 87' lang='lat' dir='ltr'><strong>Videte</strong></span> <span class='ocrx_word' id='word_1_125' title='bbox 861 1366 1110 1436; x_wconf 77' lang='lat' dir='ltr'><strong>quemadmodum</strong></span> <span class='ocrx_word' id='word_1_126' title='bbox 1131 1370 1290 1437; x_wconf 89' lang='lat' dir='ltr'><strong>utrumque</strong></span> <span class='ocrx_word' id='word_1_127' title='bbox 1313 1364 1484 1439; x_wconf 77' lang='lat' dir='ltr'><strong>complexus</strong></span> <span class='ocrx_word' id='word_1_128' title='bbox 1505 1370 1561 1433; x_wconf 91' lang='lat' dir='ltr'><strong>cst,</strong></span> 
     </span>
     <span class='ocr_line' id='line_1_13' title="bbox 75 1449 1561 1527; baseline 0 -18"><span class='ocrx_word' id='word_1_129' title='bbox 75 1467 125 1525; x_wconf 87' lang='lat' dir='ltr'><strong>pse</strong></span> <span class='ocrx_word' id='word_1_130' title='bbox 135 1451 295 1525; x_wconf 84' lang='lat' dir='ltr'><strong>delinquit:</strong></span> <span class='ocrx_word' id='word_1_131' title='bbox 308 1451 434 1508; x_wconf 89' lang='lat' dir='ltr'><strong>meximo</strong></span> <span class='ocrx_word' id='word_1_132' title='bbox 443 1449 683 1523; x_wconf 71' lang='lat' dir='ltr'><strong>cumipseqnmi</strong></span> <span class='ocrx_word' id='word_1_133' title='bbox 737 1452 830 1509; x_wconf 78' lang='lat' dir='ltr'><strong>Nolite</strong></span> <span class='ocrx_word' id='word_1_134' title='bbox 845 1453 1073 1523; x_wconf 80' lang='lat' dir='ltr'><strong>communicare,</strong></span> <span class='ocrx_word' id='word_1_135' title='bbox 1091 1453 1185 1527; x_wconf 84' lang='lat' dir='ltr'><strong>ntegis</strong></span> <span class='ocrx_word' id='word_1_136' title='bbox 1214 1458 1313 1511; x_wconf 80' lang='lat' dir='ltr'><strong>utitem</strong></span> <span class='ocrx_word' id='word_1_137' title='bbox 1338 1459 1368 1510; x_wconf 94' lang='lat' dir='ltr'><strong>et</strong></span> <span class='ocrx_word' id='word_1_138' title='bbox 1386 1454 1561 1527; x_wconf 74' lang='lat' dir='ltr'><strong>redarguite.</strong></span> 
     </span>
     <span class='ocr_line' id='line_1_14' title="bbox 75 1539 1562 1613; baseline -0.001 -15"><span class='ocrx_word' id='word_1_139' title='bbox 75 1556 138 1609; x_wconf 88' lang='lat' dir='ltr'><strong>ens,</strong></span> <span class='ocrx_word' id='word_1_140' title='bbox 154 1541 220 1597; x_wconf 87' lang='lat' dir='ltr'><strong>eliis</strong></span> <span class='ocrx_word' id='word_1_141' title='bbox 244 1539 433 1613; x_wconf 83' lang='lat' dir='ltr'><strong>delinquendi</strong></span> <span class='ocrx_word' id='word_1_142' title='bbox 459 1541 551 1596; x_wconf 82' lang='lat' dir='ltr'><strong>lomes</strong></span> <span class='ocrx_word' id='word_1_143' title='bbox 575 1539 682 1595; x_wconf 82' lang='lat' dir='ltr'><strong>existit.</strong></span> <span class='ocrx_word' id='word_1_144' title='bbox 737 1541 811 1608; x_wconf 85' lang='lat' dir='ltr'><strong>Quid</strong></span> <span class='ocrx_word' id='word_1_145' title='bbox 826 1546 872 1599; x_wconf 91' lang='lat' dir='ltr'><strong>est</strong></span> <span class='ocrx_word' id='word_1_146' title='bbox 886 1547 996 1611; x_wconf 86' lang='lat' dir='ltr'><strong>eutem,</strong></span> <span class='ocrx_word' id='word_1_147' title='bbox 1013 1542 1102 1599; x_wconf 89' lang='lat' dir='ltr'><strong>nolite</strong></span> <span class='ocrx_word' id='word_1_148' title='bbox 1126 1542 1367 1600; x_wconf 78' lang='lat' dir='ltr'><strong>communicsrei</strong></span> <span class='ocrx_word' id='word_1_149' title='bbox 1381 1542 1473 1598; x_wconf 91' lang='lat' dir='ltr'><strong>nolite</strong></span> <span class='ocrx_word' id='word_1_150' title='bbox 1494 1558 1562 1599; x_wconf 89' lang='lat' dir='ltr'><strong>cen·</strong></span> 
     </span>
     <span class='ocr_line' id='line_1_15' title="bbox 75 1627 1564 1705; baseline 0.001 -20"><span class='ocrx_word' id='word_1_151' title='bbox 75 1628 288 1702; x_wconf 85' lang='lat' dir='ltr'><strong>isreloquene</strong></span> <span class='ocrx_word' id='word_1_152' title='bbox 304 1629 374 1685; x_wconf 88' lang='lat' dir='ltr'><strong>dicit</strong></span> <span class='ocrx_word' id='word_1_153' title='bbox 398 1627 578 1701; x_wconf 84' lang='lat' dir='ltr'><strong>Apostolus:</strong></span> <span class='ocrx_word' id='word_1_154' title='bbox 597 1628 685 1685; x_wconf 79' lang='lat' dir='ltr'><strong>Videte</strong></span> <span class='ocrx_word' id='word_1_155' title='bbox 738 1631 857 1702; x_wconf 88' lang='lat' dir='ltr'><strong>sentiro,</strong></span> <span class='ocrx_word' id='word_1_156' title='bbox 872 1630 962 1688; x_wconf 88' lang='lat' dir='ltr'><strong>nolite</strong></span> <span class='ocrx_word' id='word_1_157' title='bbox 991 1630 1121 1699; x_wconf 79' lang='lat' dir='ltr'><strong>laudere,</strong></span> <span class='ocrx_word' id='word_1_158' title='bbox 1138 1631 1413 1705; x_wconf 78' lang='lat' dir='ltr'><strong>nelitonpprobere.</strong></span> <span class='ocrx_word' id='word_1_159' title='bbox 1428 1631 1564 1699; x_wconf 81' lang='lat' dir='ltr'><strong>Ouidcet</strong></span> 
     </span>
     <span class='ocr_line' id='line_1_16' title="bbox 75 1718 1563 1794; baseline 0.001 -20"><span class='ocrx_word' id='word_1_160' title='bbox 75 1720 129 1775; x_wconf 78' lang='lat' dir='ltr'><strong>etio</strong></span> <span class='ocrx_word' id='word_1_161' title='bbox 152 1727 240 1774; x_wconf 80' lang='lat' dir='ltr'><strong>restre</strong></span> <span class='ocrx_word' id='word_1_162' title='bbox 266 1718 462 1790; x_wconf 71' lang='lat' dir='ltr'><strong>offendiculum</strong></span> <span class='ocrx_word' id='word_1_163' title='bbox 489 1719 538 1788; x_wconf 79' lang='lat' dir='ltr'><strong>fiet</strong></span> <span class='ocrx_word' id='word_1_164' title='bbox 566 1718 685 1788; x_wconf 73' lang='lat' dir='ltr'><strong>infimis</strong></span> <span class='ocrx_word' id='word_1_165' title='bbox 738 1724 849 1792; x_wconf 79' lang='lat' dir='ltr'><strong>etitem,</strong></span> <span class='ocrx_word' id='word_1_166' title='bbox 864 1720 961 1793; x_wconf 86' lang='lat' dir='ltr'><strong>megis</strong></span> <span class='ocrx_word' id='word_1_167' title='bbox 984 1724 1014 1777; x_wconf 93' lang='lat' dir='ltr'><strong>et</strong></span> <span class='ocrx_word' id='word_1_168' title='bbox 1039 1720 1229 1793; x_wconf 77' lang='lat' dir='ltr'><strong>redarguite?</strong></span> <span class='ocrx_word' id='word_1_169' title='bbox 1244 1718 1458 1794; x_wconf 63' lang='lat' dir='ltr'><strong>reprehenditur,</strong></span> <span class='ocrx_word' id='word_1_170' title='bbox 1473 1719 1563 1777; x_wconf 88' lang='lat' dir='ltr'><strong>corri-</strong></span> 
     </span>
     <span class='ocr_line' id='line_1_17' title="bbox 75 1808 1563 1907; baseline -0.001 -42"><span class='ocrx_word' id='word_1_171' title='bbox 75 1818 89 1869; x_wconf 87' lang='lat' dir='ltr'><strong>t.</strong></span> <span class='ocrx_word' id='word_1_172' title='bbox 107 1808 142 1865; x_wconf 85' lang='lat' dir='ltr'><strong>ttt</strong></span> <span class='ocrx_word' id='word_1_173' title='bbox 158 1824 260 1863; x_wconf 85' lang='lat' dir='ltr'><strong>rursus</strong></span> <span class='ocrx_word' id='word_1_174' title='bbox 276 1824 283 1863; x_wconf 75' lang='grc' dir='ltr'>ε</span> <span class='ocrx_word' id='word_1_175' title='bbox 300 1808 405 1863; x_wconf 78' lang='lat' dir='ltr'><strong>Peribit</strong></span> <span class='ocrx_word' id='word_1_176' title='bbox 435 1808 562 1877; x_wconf 67' lang='lat' dir='ltr'><strong>intrusus</strong></span> <span class='ocrx_word' id='word_1_177' title='bbox 591 1809 621 1861; x_wconf 85' lang='lat' dir='ltr'><strong>iu</strong></span> <span class='ocrx_word' id='word_1_178' title='bbox 636 1815 685 1862; x_wconf 79' lang='lat' dir='ltr'><strong>turi</strong></span> <span class='ocrx_word' id='word_1_179' title='bbox 698 1840 724 1907; x_wconf 58' lang='lat' dir='ltr'><strong>B</strong></span> <span class='ocrx_word' id='word_1_180' title='bbox 739 1809 810 1881; x_wconf 87' lang='lat' dir='ltr'><strong>pite,</strong></span> <span class='ocrx_word' id='word_1_181' title='bbox 820 1812 959 1864; x_wconf 87' lang='lat' dir='ltr'><strong>coercete.</strong></span> <span class='ocrx_word' id='word_1_182' title='bbox 980 1809 1090 1866; x_wconf 85' lang='lat' dir='ltr'><strong>Deinde</strong></span> <span class='ocrx_word' id='word_1_183' title='bbox 1105 1809 1135 1865; x_wconf 90' lang='lat' dir='ltr'><strong>in</strong></span> <span class='ocrx_word' id='word_1_184' title='bbox 1152 1810 1216 1882; x_wconf 84' lang='lat' dir='ltr'><strong>ipse</strong></span> <span class='ocrx_word' id='word_1_185' title='bbox 1231 1809 1412 1882; x_wconf 80' lang='lat' dir='ltr'><strong>correptione</strong></span> <span class='ocrx_word' id='word_1_186' title='bbox 1424 1808 1468 1865; x_wconf 85' lang='lat' dir='ltr'><strong>vol</strong></span> <span class='ocrx_word' id='word_1_187' title='bbox 1484 1825 1563 1866; x_wconf 88' lang='lat' dir='ltr'><strong>coer·</strong></span> 
     </span>
     <span class='ocr_line' id='line_1_18' title="bbox 75 1896 1564 1971; baseline 0.001 -19"><span class='ocrx_word' id='word_1_188' title='bbox 75 1941 83 1967; x_wconf 92' lang='lat'>‚</span> <span class='ocrx_word' id='word_1_189' title='bbox 97 1904 208 1969; x_wconf 84' lang='lat' dir='ltr'><strong>prepter</strong></span> <span class='ocrx_word' id='word_1_190' title='bbox 233 1912 312 1969; x_wconf 75' lang='lat' dir='ltr'><strong>prtem</strong></span> <span class='ocrx_word' id='word_1_191' title='bbox 341 1896 464 1952; x_wconf 77' lang='lat' dir='ltr'><strong>cbristus</strong></span> <span class='ocrx_word' id='word_1_192' title='bbox 490 1903 612 1951; x_wconf 75' lang='lat' dir='ltr'><strong>retortum</strong></span> <span class='ocrx_word' id='word_1_193' title='bbox 634 1903 683 1952; x_wconf 82' lang='lat' dir='ltr'><strong>est.</strong></span> <span class='ocrx_word' id='word_1_194' title='bbox 738 1896 845 1953; x_wconf 82' lang='lat' dir='ltr'><strong>cittene</strong></span> <span class='ocrx_word' id='word_1_195' title='bbox 859 1896 1022 1953; x_wconf 84' lang='lat' dir='ltr'><strong>alienorum</strong></span> <span class='ocrx_word' id='word_1_196' title='bbox 1038 1902 1224 1971; x_wconf 75' lang='lat' dir='ltr'><strong>peccalorum</strong></span> <span class='ocrx_word' id='word_1_197' title='bbox 1241 1899 1402 1954; x_wconf 83' lang='lat' dir='ltr'><strong>carendum</strong></span> <span class='ocrx_word' id='word_1_198' title='bbox 1419 1902 1518 1965; x_wconf 91' lang='lat' dir='ltr'><strong>est,ne</strong></span> <span class='ocrx_word' id='word_1_199' title='bbox 1533 1915 1564 1955; x_wconf 87' lang='lat' dir='ltr'><strong>se</strong></span> 
     </span>
     <span class='ocr_line' id='line_1_19' title="bbox 75 1985 1564 2060; baseline 0.001 -19"><span class='ocrx_word' id='word_1_200' title='bbox 75 1994 159 2042; x_wconf 70' lang='lat' dir='ltr'><strong>:cutm</strong></span> <span class='ocrx_word' id='word_1_201' title='bbox 175 1988 205 2040; x_wconf 79' lang='lat' dir='ltr'><strong>in</strong></span> <span class='ocrx_word' id='word_1_202' title='bbox 214 1987 349 2055; x_wconf 70' lang='lat' dir='ltr'><strong>fratreset</strong></span> <span class='ocrx_word' id='word_1_203' title='bbox 356 1986 536 2057; x_wconf 81' lang='lat' dir='ltr'><strong>percrrtieutes</strong></span> <span class='ocrx_word' id='word_1_204' title='bbox 550 1988 685 2043; x_wconf 71' lang='lat' dir='ltr'><strong>conectere</strong></span> <span class='ocrx_word' id='word_1_205' title='bbox 740 1985 859 2041; x_wconf 85' lang='lat' dir='ltr'><strong>extollet</strong></span> <span class='ocrx_word' id='word_1_206' title='bbox 874 1986 923 2059; x_wconf 88' lang='lat' dir='ltr'><strong>qui</strong></span> <span class='ocrx_word' id='word_1_207' title='bbox 941 1985 1065 2043; x_wconf 81' lang='lat' dir='ltr'><strong>alterum</strong></span> <span class='ocrx_word' id='word_1_208' title='bbox 1081 1987 1211 2060; x_wconf 79' lang='lat' dir='ltr'><strong>corripit,</strong></span> <span class='ocrx_word' id='word_1_209' title='bbox 1224 1992 1253 2043; x_wconf 89' lang='lat' dir='ltr'><strong>et</strong></span> <span class='ocrx_word' id='word_1_210' title='bbox 1268 1987 1318 2059; x_wconf 80' lang='lat' dir='ltr'><strong>qni</strong></span> <span class='ocrx_word' id='word_1_211' title='bbox 1335 2004 1366 2042; x_wconf 90' lang='lat' dir='ltr'><strong>se</strong></span> <span class='ocrx_word' id='word_1_212' title='bbox 1378 1991 1462 2060; x_wconf 86' lang='lat' dir='ltr'><strong>putot</strong></span> <span class='ocrx_word' id='word_1_213' title='bbox 1476 1991 1564 2053; x_wconf 79' lang='lat' dir='ltr'><strong>elme,</strong></span> 
     </span>
     <span class='ocr_line' id='line_1_20' title="bbox 87 2070 1565 2149; baseline 0.001 -18"><span class='ocrx_word' id='word_1_214' title='bbox 87 2076 119 2131; x_wconf 78' lang='lat' dir='ltr'><strong>tit</strong></span> <span class='ocrx_word' id='word_1_215' title='bbox 145 2075 285 2131; x_wconf 74' lang='lat' dir='ltr'><strong>Christum</strong></span> <span class='ocrx_word' id='word_1_216' title='bbox 311 2076 427 2146; x_wconf 78' lang='lat' dir='ltr'><strong>pedulis</strong></span> <span class='ocrx_word' id='word_1_217' title='bbox 453 2073 545 2146; x_wconf 83' lang='lat' dir='ltr'><strong>(ibid,</strong></span> <span class='ocrx_word' id='word_1_218' title='bbox 570 2074 612 2146; x_wconf 91' lang='lat' dir='ltr'><strong>ll,</strong></span> <span class='ocrx_word' id='word_1_219' title='bbox 630 2076 684 2141; x_wconf 80' lang='lat'><strong>12).</strong></span> <span class='ocrx_word' id='word_1_220' title='bbox 739 2070 836 2131; x_wconf 86' lang='lat' dir='ltr'><strong>videet</strong></span> <span class='ocrx_word' id='word_1_221' title='bbox 852 2092 888 2131; x_wconf 88' lang='lat' dir='ltr'><strong>ne</strong></span> <span class='ocrx_word' id='word_1_222' title='bbox 903 2077 998 2132; x_wconf 83' lang='lat' dir='ltr'><strong>certet.</strong></span> <span class='ocrx_word' id='word_1_223' title='bbox 1016 2075 1097 2133; x_wconf 82' lang='lat' dir='ltr'><strong>Foris</strong></span> <span class='ocrx_word' id='word_1_224' title='bbox 1126 2075 1294 2133; x_wconf 78' lang='lat' dir='ltr'><strong>terribiliter</strong></span> <span class='ocrx_word' id='word_1_225' title='bbox 1314 2080 1450 2149; x_wconf 88' lang='lat' dir='ltr'><strong>personet</strong></span> <span class='ocrx_word' id='word_1_226' title='bbox 1471 2075 1565 2133; x_wconf 87' lang='lat' dir='ltr'><strong>incre·</strong></span> 
     </span>
     <span class='ocr_line' id='line_1_21' title="bbox 75 2162 1566 2238; baseline 0.001 -18"><span class='ocrx_word' id='word_1_227' title='bbox 75 2162 139 2221; x_wconf 91' lang='lat' dir='ltr'><strong>licit</strong></span> <span class='ocrx_word' id='word_1_228' title='bbox 155 2180 162 2219; x_wconf 76' lang='grc' dir='ltr'>ε</span> <span class='ocrx_word' id='word_1_229' title='bbox 179 2166 235 2234; x_wconf 78' lang='lat' dir='ltr'><strong>Qui</strong></span> <span class='ocrx_word' id='word_1_230' title='bbox 247 2164 479 2219; x_wconf 75' lang='lat' dir='ltr'><strong>srentutiuueru</strong></span> <span class='ocrx_word' id='word_1_231' title='bbox 492 2178 577 2218; x_wconf 80' lang='lat' dir='ltr'><strong>rreum</strong></span> <span class='ocrx_word' id='word_1_232' title='bbox 592 2162 625 2219; x_wconf 83' lang='lat' dir='ltr'><strong>dc</strong></span> <span class='ocrx_word' id='word_1_233' title='bbox 636 2180 686 2236; x_wconf 83' lang='lat' dir='ltr'><strong>pu-</strong></span> <span class='ocrx_word' id='word_1_234' title='bbox 740 2164 829 2237; x_wconf 51' lang='lat' dir='ltr'><strong>putio,</strong></span> <span class='ocrx_word' id='word_1_235' title='bbox 848 2164 929 2220; x_wconf 87' lang='lat' dir='ltr'><strong>intus</strong></span> <span class='ocrx_word' id='word_1_236' title='bbox 944 2163 1075 2222; x_wconf 88' lang='lat' dir='ltr'><strong>lenitetis</strong></span> <span class='ocrx_word' id='word_1_237' title='bbox 1090 2169 1225 2222; x_wconf 75' lang='lat' dir='ltr'><strong>tencatur</strong></span> <span class='ocrx_word' id='word_1_238' title='bbox 1239 2164 1366 2221; x_wconf 89' lang='lat' dir='ltr'><strong>dileetio.</strong></span> <span class='ocrx_word' id='word_1_239' title='bbox 1384 2166 1483 2238; x_wconf 85' lang='lat' dir='ltr'><strong>Neque</strong></span> <span class='ocrx_word' id='word_1_240' title='bbox 1497 2181 1566 2237; x_wconf 84' lang='lat' dir='ltr'><strong>ergo</strong></span> 
     </span>
     <span class='ocr_line' id='line_1_22' title="bbox 75 2253 1567 2328; baseline -0.001 -18"><span class='ocrx_word' id='word_1_241' title='bbox 75 2254 85 2310; x_wconf 87' lang='lat' dir='ltr'><strong>i</strong></span> <span class='ocrx_word' id='word_1_242' title='bbox 98 2254 129 2310; x_wconf 80' lang='lat' dir='ltr'><strong>itt</strong></span> <span class='ocrx_word' id='word_1_243' title='bbox 143 2270 186 2310; x_wconf 84' lang='lat' dir='ltr'><strong>mc</strong></span> <span class='ocrx_word' id='word_1_244' title='bbox 200 2253 323 2320; x_wconf 83' lang='lat' dir='ltr'><strong>credent,</strong></span> <span class='ocrx_word' id='word_1_245' title='bbox 340 2255 448 2326; x_wconf 81' lang='lat' dir='ltr'><strong>erpult&#39;t</strong></span> <span class='ocrx_word' id='word_1_246' title='bbox 460 2253 487 2309; x_wconf 85' lang='lat' dir='ltr'><strong>ei</strong></span> <span class='ocrx_word' id='word_1_247' title='bbox 498 2260 528 2307; x_wconf 84' lang='lat' dir='ltr'><strong>et</strong></span> <span class='ocrx_word' id='word_1_248' title='bbox 540 2253 686 2325; x_wconf 70' lang='lat' dir='ltr'><strong>stupis-ude</strong></span> <span class='ocrx_word' id='word_1_249' title='bbox 738 2253 955 2309; x_wconf 82' lang='lat' dir='ltr'><strong>consentientes</strong></span> <span class='ocrx_word' id='word_1_250' title='bbox 965 2254 1031 2311; x_wconf 89' lang='lat' dir='ltr'><strong>sitis</strong></span> <span class='ocrx_word' id='word_1_251' title='bbox 1042 2254 1176 2322; x_wconf 66' lang='lat' dir='ltr'><strong>nuntient</strong></span> <span class='ocrx_word' id='word_1_252' title='bbox 1184 2254 1363 2327; x_wconf 71' lang='lat' dir='ltr'><strong>approbetis,</strong></span> <span class='ocrx_word' id='word_1_253' title='bbox 1375 2270 1469 2328; x_wconf 83' lang='lat' dir='ltr'><strong>neque</strong></span> <span class='ocrx_word' id='word_1_254' title='bbox 1477 2253 1567 2328; x_wconf 86' lang='lat' dir='ltr'><strong>negli-</strong></span> 
     </span>
     <span class='ocr_line' id='line_1_23' title="bbox 75 2340 1567 2417; baseline 0 -18"><span class='ocrx_word' id='word_1_255' title='bbox 75 2343 174 2399; x_wconf 79' lang='lat' dir='ltr'><strong>triete</strong></span> <span class='ocrx_word' id='word_1_256' title='bbox 189 2343 341 2415; x_wconf 66' lang='lat' dir='ltr'><strong>cellerius,</strong></span> <span class='ocrx_word' id='word_1_257' title='bbox 357 2350 383 2399; x_wconf 86' lang='lat' dir='ltr'><strong>et</strong></span> <span class='ocrx_word' id='word_1_258' title='bbox 394 2342 566 2413; x_wconf 66' lang='lat' dir='ltr'><strong>tenerentur</strong></span> <span class='ocrx_word' id='word_1_259' title='bbox 583 2344 612 2398; x_wconf 81' lang='lat' dir='ltr'><strong>ie</strong></span> <span class='ocrx_word' id='word_1_260' title='bbox 625 2359 686 2415; x_wconf 81' lang='lat' dir='ltr'><strong>pre</strong></span> <span class='ocrx_word' id='word_1_261' title='bbox 740 2340 851 2415; x_wconf 85' lang='lat' dir='ltr'><strong>gentes,</strong></span> <span class='ocrx_word' id='word_1_262' title='bbox 869 2346 901 2397; x_wconf 91' lang='lat' dir='ltr'><strong>ot</strong></span> <span class='ocrx_word' id='word_1_263' title='bbox 915 2360 973 2399; x_wconf 91' lang='lat' dir='ltr'><strong>non</strong></span> <span class='ocrx_word' id='word_1_264' title='bbox 987 2345 1128 2416; x_wconf 81' lang='lat' dir='ltr'><strong>arguetis,</strong></span> <span class='ocrx_word' id='word_1_265' title='bbox 1145 2360 1239 2417; x_wconf 89' lang='lat' dir='ltr'><strong>neque</strong></span> <span class='ocrx_word' id='word_1_266' title='bbox 1254 2343 1504 2416; x_wconf 83' lang='lat' dir='ltr'><strong>superbientes,ut</strong></span> <span class='ocrx_word' id='word_1_267' title='bbox 1518 2343 1567 2399; x_wconf 91' lang='lat' dir='ltr'><strong>in·</strong></span> 
     </span>
     <span class='ocr_line' id='line_1_24' title="bbox 75 2429 1566 2505; baseline 0 -19"><span class='ocrx_word' id='word_1_268' title='bbox 75 2431 194 2499; x_wconf 69' lang='lat' dir='ltr'><strong>rtlluttb.</strong></span> <span class='ocrx_word' id='word_1_269' title='bbox 212 2447 292 2500; x_wconf 80' lang='lat' dir='ltr'><strong>xvut,</strong></span> <span class='ocrx_word' id='word_1_270' title='bbox 307 2434 337 2499; x_wconf 82' lang='lat' dir='ltr'><strong>d)</strong></span> <span class='ocrx_word' id='word_1_271' title='bbox 353 2449 359 2486; x_wconf 93' lang='lat'>:</span> <span class='ocrx_word' id='word_1_272' title='bbox 377 2432 447 2503; x_wconf 85' lang='lat' dir='ltr'><strong>quie</strong></span> <span class='ocrx_word' id='word_1_273' title='bbox 468 2433 574 2489; x_wconf 88' lang='lat' dir='ltr'><strong>melius</strong></span> <span class='ocrx_word' id='word_1_274' title='bbox 589 2433 685 2505; x_wconf 81' lang='lat' dir='ltr'><strong>prote·</strong></span> <span class='ocrx_word' id='word_1_275' title='bbox 740 2429 884 2486; x_wconf 82' lang='lat' dir='ltr'><strong>sultenlcr</strong></span> <span class='ocrx_word' id='word_1_276' title='bbox 899 2432 1040 2504; x_wconf 79' lang='lat' dir='ltr'><strong>arguetis.</strong></span> <span class='ocrx_word' id='word_1_277' title='bbox 1058 2454 1072 2481; x_wconf 78' lang='lat' dir='ltr'><strong>u</strong></span> <span class='ocrx_word' id='word_1_278' title='bbox 1089 2432 1124 2487; x_wconf 77' lang='lat' dir='ltr'><strong>lit</strong></span> <span class='ocrx_word' id='word_1_279' title='bbox 1147 2437 1268 2489; x_wconf 75' lang='lat' dir='ltr'><strong>sanetus</strong></span> <span class='ocrx_word' id='word_1_280' title='bbox 1289 2432 1447 2505; x_wconf 80' lang='lat' dir='ltr'><strong>Gregorius</strong></span> <span class='ocrx_word' id='word_1_281' title='bbox 1461 2432 1491 2488; x_wconf 88' lang='lat' dir='ltr'><strong>in</strong></span> <span class='ocrx_word' id='word_1_282' title='bbox 1506 2430 1566 2503; x_wconf 89' lang='lat' dir='ltr'><strong>epi·</strong></span> 
     </span>
     <span class='ocr_line' id='line_1_25' title="bbox 75 2517 1566 2595; baseline 0 -19"><span class='ocrx_word' id='word_1_283' title='bbox 75 2524 93 2589; x_wconf 92' lang='lat' dir='ltr'><strong>l,</strong></span> <span class='ocrx_word' id='word_1_284' title='bbox 110 2526 143 2576; x_wconf 90' lang='lat' dir='ltr'><strong>ut</strong></span> <span class='ocrx_word' id='word_1_285' title='bbox 162 2521 191 2576; x_wconf 93' lang='lat' dir='ltr'><strong>in</strong></span> <span class='ocrx_word' id='word_1_286' title='bbox 209 2520 320 2593; x_wconf 83' lang='lat' dir='ltr'><strong>private</strong></span> <span class='ocrx_word' id='word_1_287' title='bbox 334 2520 392 2576; x_wconf 82' lang='lat' dir='ltr'><strong>rite</strong></span> <span class='ocrx_word' id='word_1_288' title='bbox 407 2522 534 2593; x_wconf 77' lang='lat' dir='ltr'><strong>degeret,</strong></span> <span class='ocrx_word' id='word_1_289' title='bbox 552 2539 639 2595; x_wconf 85' lang='lat' dir='ltr'><strong>quum</strong></span> <span class='ocrx_word' id='word_1_290' title='bbox 656 2522 684 2576; x_wconf 94' lang='lat' dir='ltr'><strong>in</strong></span> <span class='ocrx_word' id='word_1_291' title='bbox 740 2517 814 2574; x_wconf 87' lang='lat' dir='ltr'><strong>stole</strong></span> <span class='ocrx_word' id='word_1_292' title='bbox 829 2520 865 2574; x_wconf 87' lang='lat' dir='ltr'><strong>ed</strong></span> <span class='ocrx_word' id='word_1_293' title='bbox 882 2518 1006 2575; x_wconf 79' lang='lat' dir='ltr'><strong>l&#39;elieem</strong></span> <span class='ocrx_word' id='word_1_294' title='bbox 1027 2520 1209 2576; x_wconf 80' lang='lat' dir='ltr'><strong>Siciliensem</strong></span> <span class='ocrx_word' id='word_1_295' title='bbox 1234 2520 1404 2593; x_wconf 89' lang='lat' dir='ltr'><strong>episcopum</strong></span> <span class='ocrx_word' id='word_1_296' title='bbox 1428 2519 1566 2577; x_wconf 86' lang='lat' dir='ltr'><strong>omnibns</strong></span> 
     </span>
     <span class='ocr_line' id='line_1_26' title="bbox 75 2607 1567 2682; baseline 0 -17"><span class='ocrx_word' id='word_1_297' title='bbox 75 2608 139 2665; x_wconf 90' lang='lat' dir='ltr'><strong>sitis</strong></span> <span class='ocrx_word' id='word_1_298' title='bbox 149 2626 181 2665; x_wconf 90' lang='lat' dir='ltr'><strong>se</strong></span> <span class='ocrx_word' id='word_1_299' title='bbox 192 2608 366 2665; x_wconf 81' lang='lat' dir='ltr'><strong>imitabilem</strong></span> <span class='ocrx_word' id='word_1_300' title='bbox 379 2610 408 2664; x_wconf 94' lang='lat' dir='ltr'><strong>in</strong></span> <span class='ocrx_word' id='word_1_301' title='bbox 418 2610 625 2682; x_wconf 75' lang='lat' dir='ltr'><strong>culpeereteris</strong></span> <span class='ocrx_word' id='word_1_302' title='bbox 636 2610 686 2666; x_wconf 91' lang='lat' dir='ltr'><strong>de·</strong></span> <span class='ocrx_word' id='word_1_303' title='bbox 740 2609 830 2663; x_wconf 85' lang='lat' dir='ltr'><strong>donet</strong></span> <span class='ocrx_word' id='word_1_304' title='bbox 841 2608 999 2681; x_wconf 87' lang='lat' dir='ltr'><strong>episcopis,</strong></span> <span class='ocrx_word' id='word_1_305' title='bbox 1014 2607 1116 2664; x_wconf 90' lang='lat' dir='ltr'><strong>dicens</strong></span> <span class='ocrx_word' id='word_1_306' title='bbox 1130 2610 1192 2677; x_wconf 85' lang='lat' dir='ltr'><strong>(lib.</strong></span> <span class='ocrx_word' id='word_1_307' title='bbox 1208 2626 1257 2676; x_wconf 76' lang='lat' dir='ltr'><strong>ru,</strong></span> <span class='ocrx_word' id='word_1_308' title='bbox 1272 2612 1353 2682; x_wconf 68' lang='lat' dir='ltr'><strong>epist.</strong></span> <span class='ocrx_word' id='word_1_309' title='bbox 1368 2608 1414 2681; x_wconf 77' lang='lat'><strong>32)</strong></span> <span class='ocrx_word' id='word_1_310' title='bbox 1431 2625 1438 2665; x_wconf 91' lang='lat'>:</span> <span class='ocrx_word' id='word_1_311' title='bbox 1459 2632 1473 2661; x_wconf 77' lang='grc' dir='ltr'>α</span> <span class='ocrx_word' id='word_1_312' title='bbox 1491 2610 1567 2666; x_wconf 85' lang='lat' dir='ltr'><strong>Sunt</strong></span> 
     </span>
     <span class='ocr_line' id='line_1_27' title="bbox 75 2695 1566 2771; baseline 0 -18"><span class='ocrx_word' id='word_1_313' title='bbox 75 2714 140 2771; x_wconf 68' lang='lat' dir='ltr'><strong>tpro</strong></span> <span class='ocrx_word' id='word_1_314' title='bbox 150 2697 240 2752; x_wconf 86' lang='lat' dir='ltr'><strong>tentis</strong></span> <span class='ocrx_word' id='word_1_315' title='bbox 252 2713 353 2769; x_wconf 78' lang='lat' dir='ltr'><strong>penes</strong></span> <span class='ocrx_word' id='word_1_316' title='bbox 363 2696 588 2770; x_wconf 88' lang='lat' dir='ltr'><strong>lueret,quuntis</strong></span> <span class='ocrx_word' id='word_1_317' title='bbox 600 2698 684 2769; x_wconf 85' lang='lat' dir='ltr'><strong>quusi</strong></span> <span class='ocrx_word' id='word_1_318' title='bbox 740 2695 819 2751; x_wconf 88' lang='lat' dir='ltr'><strong>enim</strong></span> <span class='ocrx_word' id='word_1_319' title='bbox 834 2695 903 2751; x_wconf 84' lang='lat' dir='ltr'><strong>mali</strong></span> <span class='ocrx_word' id='word_1_320' title='bbox 919 2697 1091 2769; x_wconf 80' lang='lat' dir='ltr'><strong>segregandi</strong></span> <span class='ocrx_word' id='word_1_321' title='bbox 1108 2714 1126 2752; x_wconf 89' lang='lat' dir='ltr'><strong>e</strong></span> <span class='ocrx_word' id='word_1_322' title='bbox 1140 2696 1235 2763; x_wconf 89' lang='lat' dir='ltr'><strong>bonis,</strong></span> <span class='ocrx_word' id='word_1_323' title='bbox 1246 2702 1276 2753; x_wconf 88' lang='lat' dir='ltr'><strong>et</strong></span> <span class='ocrx_word' id='word_1_324' title='bbox 1288 2695 1384 2770; x_wconf 87' lang='lat' dir='ltr'><strong>iniqui</strong></span> <span class='ocrx_word' id='word_1_325' title='bbox 1399 2698 1566 2769; x_wconf 86' lang='lat' dir='ltr'><strong>ejustis,ut</strong></span> 
     </span>
     <span class='ocr_line' id='line_1_28' title="bbox 75 2783 1564 2859; baseline 0 -17"><span class='ocrx_word' id='word_1_326' title='bbox 75 2804 89 2856; x_wconf 78' lang='lat' dir='ltr'><strong>t,</strong></span> <span class='ocrx_word' id='word_1_327' title='bbox 105 2802 159 2843; x_wconf 89' lang='lat' dir='ltr'><strong>sue</strong></span> <span class='ocrx_word' id='word_1_328' title='bbox 175 2786 306 2859; x_wconf 79' lang='lat' dir='ltr'><strong>exemplo</strong></span> <span class='ocrx_word' id='word_1_329' title='bbox 321 2787 357 2841; x_wconf 88' lang='lat' dir='ltr'><strong>ed</strong></span> <span class='ocrx_word' id='word_1_330' title='bbox 374 2785 443 2841; x_wconf 86' lang='lat' dir='ltr'><strong>vitiu</strong></span> <span class='ocrx_word' id='word_1_331' title='bbox 467 2787 527 2842; x_wconf 84' lang='lat' dir='ltr'><strong>dux</strong></span> <span class='ocrx_word' id='word_1_332' title='bbox 542 2792 571 2842; x_wconf 92' lang='lat' dir='ltr'><strong>et</strong></span> <span class='ocrx_word' id='word_1_333' title='bbox 585 2791 686 2844; x_wconf 89' lang='lat' dir='ltr'><strong>euctor</strong></span> <span class='ocrx_word' id='word_1_334' title='bbox 740 2783 844 2840; x_wconf 89' lang='lat' dir='ltr'><strong>seltom</strong></span> <span class='ocrx_word' id='word_1_335' title='bbox 861 2786 966 2841; x_wconf 89' lang='lat' dir='ltr'><strong>rubore</strong></span> <span class='ocrx_word' id='word_1_336' title='bbox 980 2802 1034 2843; x_wconf 90' lang='lat' dir='ltr'><strong>suo</strong></span> <span class='ocrx_word' id='word_1_337' title='bbox 1049 2785 1243 2843; x_wconf 81' lang='lat' dir='ltr'><strong>conscientias</strong></span> <span class='ocrx_word' id='word_1_338' title='bbox 1257 2802 1328 2842; x_wconf 89' lang='lat' dir='ltr'><strong>sues</strong></span> <span class='ocrx_word' id='word_1_339' title='bbox 1345 2790 1564 2858; x_wconf 88' lang='lat' dir='ltr'><strong>recognoscent,</strong></span> 
     </span>
     <span class='ocr_line' id='line_1_29' title="bbox 75 2872 1567 2949; baseline -0.003 -17"><span class='ocrx_word' id='word_1_340' title='bbox 75 2874 197 2947; x_wconf 64' lang='lat' dir='ltr'><strong>¹„Cujus</strong></span> <span class='ocrx_word' id='word_1_341' title='bbox 227 2878 306 2930; x_wconf 87' lang='lat' dir='ltr'><strong>tento</strong></span> <span class='ocrx_word' id='word_1_342' title='bbox 335 2879 380 2930; x_wconf 84' lang='lat' dir='ltr'><strong>est</strong></span> <span class='ocrx_word' id='word_1_343' title='bbox 408 2874 495 2946; x_wconf 89' lang='lat' dir='ltr'><strong>culpe</strong></span> <span class='ocrx_word' id='word_1_344' title='bbox 518 2874 641 2949; x_wconf 81' lang='lat' dir='ltr'><strong>gravior,</strong></span> <span class='ocrx_word' id='word_1_345' title='bbox 657 2880 687 2931; x_wconf 93' lang='lat' dir='ltr'><strong>et</strong></span> <span class='ocrx_word' id='word_1_346' title='bbox 740 2876 770 2928; x_wconf 87' lang='lat' dir='ltr'><strong>et</strong></span> <span class='ocrx_word' id='word_1_347' title='bbox 784 2872 1231 2947; x_wconf 76' lang='lat' dir='ltr'><strong>convertunturepravitatibus</strong></span> <span class='ocrx_word' id='word_1_348' title='bbox 1244 2873 1317 2940; x_wconf 86' lang='lat' dir='ltr'><strong>suis,</strong></span> <span class='ocrx_word' id='word_1_349' title='bbox 1332 2878 1362 2930; x_wconf 89' lang='lat' dir='ltr'><strong>et</strong></span> <span class='ocrx_word' id='word_1_350' title='bbox 1376 2873 1401 2929; x_wconf 91' lang='lat' dir='ltr'><strong>si</strong></span> <span class='ocrx_word' id='word_1_351' title='bbox 1416 2872 1567 2946; x_wconf 87' lang='lat' dir='ltr'><strong>incorrigi-</strong></span> 
     </span>
     <span class='ocr_line' id='line_1_30' title="bbox 84 2960 1565 3036; baseline -0.001 -17"><span class='ocrx_word' id='word_1_352' title='bbox 84 2964 195 3030; x_wconf 85' lang='lat' dir='ltr'><strong>durior,</strong></span> <span class='ocrx_word' id='word_1_353' title='bbox 212 2967 322 3035; x_wconf 87' lang='lat' dir='ltr'><strong>qusnto</strong></span> <span class='ocrx_word' id='word_1_354' title='bbox 337 2963 486 3019; x_wconf 82' lang='lat' dir='ltr'><strong>excedenti</strong></span> <span class='ocrx_word' id='word_1_355' title='bbox 502 2969 547 3019; x_wconf 87' lang='lat' dir='ltr'><strong>est</strong></span> <span class='ocrx_word' id='word_1_356' title='bbox 562 2964 686 3020; x_wconf 83' lang='lat' dir='ltr'><strong>lecultes</strong></span> <span class='ocrx_word' id='word_1_357' title='bbox 739 2960 814 3017; x_wconf 85' lang='lat' dir='ltr'><strong>biles</strong></span> <span class='ocrx_word' id='word_1_358' title='bbox 827 2963 1026 3035; x_wconf 76' lang='lat' dir='ltr'><strong>apparuerint,</strong></span> <span class='ocrx_word' id='word_1_359' title='bbox 1034 2966 1224 3036; x_wconf 81' lang='lat' dir='ltr'><strong>segregentur</strong></span> <span class='ocrx_word' id='word_1_360' title='bbox 1239 2980 1256 3019; x_wconf 87' lang='lat' dir='ltr'><strong>e</strong></span> <span class='ocrx_word' id='word_1_361' title='bbox 1270 2961 1409 3018; x_wconf 87' lang='lat' dir='ltr'><strong>tidelibus</strong></span> <span class='ocrx_word' id='word_1_362' title='bbox 1423 2978 1518 3035; x_wconf 84' lang='lat' dir='ltr'><strong>usque</strong></span> <span class='ocrx_word' id='word_1_363' title='bbox 1529 2963 1565 3018; x_wconf 85' lang='lat' dir='ltr'><strong>sd</strong></span> 
     </span>
     <span class='ocr_line' id='line_1_31' title="bbox 75 3051 1564 3125; baseline 0.001 -17"><span class='ocrx_word' id='word_1_364' title='bbox 75 3070 85 3109; x_wconf 90' lang='lat' dir='ltr'><strong>t</strong></span> <span class='ocrx_word' id='word_1_365' title='bbox 109 3070 195 3108; x_wconf 89' lang='lat' dir='ltr'><strong>nemo</strong></span> <span class='ocrx_word' id='word_1_366' title='bbox 220 3051 347 3123; x_wconf 87' lang='lat' dir='ltr'><strong>emplius</strong></span> <span class='ocrx_word' id='word_1_367' title='bbox 368 3051 512 3124; x_wconf 86' lang='lat' dir='ltr'><strong>delinquit</strong></span> <span class='ocrx_word' id='word_1_368' title='bbox 537 3052 567 3106; x_wconf 91' lang='lat' dir='ltr'><strong>in</strong></span> <span class='ocrx_word' id='word_1_369' title='bbox 591 3068 685 3125; x_wconf 89' lang='lat' dir='ltr'><strong>popu·</strong></span> <span class='ocrx_word' id='word_1_370' title='bbox 740 3051 1364 3125; x_wconf 64' lang='lat' dir='ltr'><strong>sotislectionemduxlnllominisaluatoris</strong></span> <span class='ocrx_word' id='word_1_371' title='bbox 1378 3051 1564 3121; x_wconf 83' lang='lat' dir='ltr'><strong>sententium,</strong></span> 
     </span>
     <span class='ocr_line' id='line_1_32' title="bbox 75 3140 1565 3215; baseline 0.001 -18"><span class='ocrx_word' id='word_1_372' title='bbox 75 3140 111 3215; x_wconf 53' lang='lat' dir='ltr'><strong>:ui</strong></span> <span class='ocrx_word' id='word_1_373' title='bbox 144 3157 277 3213; x_wconf 84' lang='lat' dir='ltr'><strong>perverso</strong></span> <span class='ocrx_word' id='word_1_374' title='bbox 312 3156 401 3213; x_wconf 76' lang='lat' dir='ltr'><strong>egens</strong></span> <span class='ocrx_word' id='word_1_375' title='bbox 435 3140 568 3196; x_wconf 90' lang='lat' dir='ltr'><strong>ordinem</strong></span> <span class='ocrx_word' id='word_1_376' title='bbox 606 3141 685 3214; x_wconf 89' lang='lat' dir='ltr'><strong>prin·</strong></span> <span class='ocrx_word' id='word_1_377' title='bbox 741 3157 800 3212; x_wconf 85' lang='lat' dir='ltr'><strong>que</strong></span> <span class='ocrx_word' id='word_1_378' title='bbox 810 3141 1044 3198; x_wconf 76' lang='lat' dir='ltr'><strong>intercerterede</strong></span> <span class='ocrx_word' id='word_1_379' title='bbox 1055 3142 1361 3214; x_wconf 81' lang='lat' dir='ltr'><strong>peccenteinselretre</strong></span> <span class='ocrx_word' id='word_1_380' title='bbox 1372 3140 1565 3215; x_wconf 81' lang='lat' dir='ltr'><strong>precipiendo</strong></span> 
     </span>
     <span class='ocr_line' id='line_1_33' title="bbox 75 3208 1566 3303; baseline 0 -16"><span class='ocrx_word' id='word_1_381' title='bbox 75 3232 125 3287; x_wconf 75' lang='lat' dir='ltr'><strong>ist.</strong></span> <span class='ocrx_word' id='word_1_382' title='bbox 141 3228 365 3301; x_wconf 87' lang='lat' dir='ltr'><strong>Delinquentem</strong></span> <span class='ocrx_word' id='word_1_383' title='bbox 392 3247 520 3301; x_wconf 85' lang='lat' dir='ltr'><strong>nemque</strong></span> <span class='ocrx_word' id='word_1_384' title='bbox 541 3230 620 3286; x_wconf 88' lang='lat' dir='ltr'><strong>hunc</strong></span> <span class='ocrx_word' id='word_1_385' title='bbox 640 3248 686 3287; x_wconf 88' lang='lat' dir='ltr'><strong>rc·</strong></span> <span class='ocrx_word' id='word_1_386' title='bbox 700 3208 725 3279; x_wconf 64' lang='grc' dir='ltr'><strong>(ἶ</strong></span> <span class='ocrx_word' id='word_1_387' title='bbox 739 3229 783 3285; x_wconf 85' lang='lat' dir='ltr'><strong>uit</strong></span> <span class='ocrx_word' id='word_1_388' title='bbox 798 3246 804 3285; x_wconf 94' lang='lat'>:</span> <span class='ocrx_word' id='word_1_389' title='bbox 821 3230 853 3286; x_wconf 87' lang='lat' dir='ltr'><strong>Si</strong></span> <span class='ocrx_word' id='word_1_390' title='bbox 866 3232 1015 3303; x_wconf 65' lang='lat' dir='ltr'><strong>permeent</strong></span> <span class='ocrx_word' id='word_1_391' title='bbox 1028 3233 1058 3287; x_wconf 88' lang='lat' dir='ltr'><strong>iu</strong></span> <span class='ocrx_word' id='word_1_392' title='bbox 1072 3238 1097 3287; x_wconf 85' lang='lat' dir='ltr'><strong>tc</strong></span> <span class='ocrx_word' id='word_1_393' title='bbox 1111 3234 1199 3303; x_wconf 63' lang='lat' dir='ltr'><strong>irritet·</strong></span> <span class='ocrx_word' id='word_1_394' title='bbox 1212 3238 1286 3299; x_wconf 80' lang='lat' dir='ltr'><strong>tues,</strong></span> <span class='ocrx_word' id='word_1_395' title='bbox 1300 3232 1407 3303; x_wconf 84' lang='lat' dir='ltr'><strong>corripe</strong></span> <span class='ocrx_word' id='word_1_396' title='bbox 1417 3246 1481 3287; x_wconf 76' lang='lat' dir='ltr'><strong>seru</strong></span> <span class='ocrx_word' id='word_1_397' title='bbox 1494 3232 1566 3287; x_wconf 86' lang='lat' dir='ltr'><strong>iuter</strong></span> 
     </span>
     <span class='ocr_line' id='line_1_34' title="bbox 75 3318 1565 3392; baseline 0.001 -19"><span class='ocrx_word' id='word_1_398' title='bbox 75 3318 130 3375; x_wconf 91' lang='lat' dir='ltr'><strong>llus</strong></span> <span class='ocrx_word' id='word_1_399' title='bbox 154 3318 315 3390; x_wconf 77' lang='lat' dir='ltr'><strong>presumit,</strong></span> <span class='ocrx_word' id='word_1_400' title='bbox 332 3319 404 3373; x_wconf 89' lang='lat' dir='ltr'><strong>etin</strong></span> <span class='ocrx_word' id='word_1_401' title='bbox 420 3319 585 3391; x_wconf 81' lang='lat' dir='ltr'><strong>rxonrplum</strong></span> <span class='ocrx_word' id='word_1_402' title='bbox 601 3320 688 3392; x_wconf 86' lang='lat' dir='ltr'><strong>culpe</strong></span> <span class='ocrx_word' id='word_1_403' title='bbox 741 3327 766 3374; x_wconf 82' lang='lat' dir='ltr'><strong>te</strong></span> <span class='ocrx_word' id='word_1_404' title='bbox 779 3328 805 3375; x_wconf 85' lang='lat' dir='ltr'><strong>et</strong></span> <span class='ocrx_word' id='word_1_405' title='bbox 819 3322 907 3391; x_wconf 78' lang='lat' dir='ltr'><strong>ipsum</strong></span> <span class='ocrx_word' id='word_1_406' title='bbox 922 3320 1019 3375; x_wconf 84' lang='lat' dir='ltr'><strong>selem.</strong></span> <span class='ocrx_word' id='word_1_407' title='bbox 1036 3320 1067 3377; x_wconf 82' lang='lat' dir='ltr'><strong>Si</strong></span> <span class='ocrx_word' id='word_1_408' title='bbox 1081 3320 1246 3385; x_wconf 70' lang='lat' dir='ltr'><strong>tetenderit,</strong></span> <span class='ocrx_word' id='word_1_409' title='bbox 1270 3320 1392 3376; x_wconf 76' lang='lat' dir='ltr'><strong>literatus</strong></span> <span class='ocrx_word' id='word_1_410' title='bbox 1420 3321 1478 3376; x_wconf 84' lang='lat' dir='ltr'><strong>eris</strong></span> <span class='ocrx_word' id='word_1_411' title='bbox 1504 3320 1565 3391; x_wconf 67' lang='lat' dir='ltr'><strong>tru-</strong></span> 
     </span>
     <span class='ocr_line' id='line_1_35' title="bbox 76 3407 1567 3480; baseline 0 -18"><span class='ocrx_word' id='word_1_412' title='bbox 76 3411 142 3463; x_wconf 86' lang='lat' dir='ltr'><strong>nter</strong></span> <span class='ocrx_word' id='word_1_413' title='bbox 165 3407 341 3472; x_wconf 85' lang='lat' dir='ltr'><strong>extenditur,</strong></span> <span class='ocrx_word' id='word_1_414' title='bbox 358 3408 475 3478; x_wconf 83' lang='lat' dir='ltr'><strong>qrtende</strong></span> <span class='ocrx_word' id='word_1_415' title='bbox 491 3426 543 3480; x_wconf 90' lang='lat' dir='ltr'><strong>pro</strong></span> <span class='ocrx_word' id='word_1_416' title='bbox 558 3424 687 3464; x_wconf 89' lang='lat' dir='ltr'><strong>reveren·</strong></span> <span class='ocrx_word' id='word_1_417' title='bbox 741 3413 810 3463; x_wconf 83' lang='lat' dir='ltr'><strong>trent</strong></span> <span class='ocrx_word' id='word_1_418' title='bbox 822 3416 909 3464; x_wconf 78' lang='lat' dir='ltr'><strong>tirum.</strong></span> <span class='ocrx_word' id='word_1_419' title='bbox 925 3409 957 3464; x_wconf 85' lang='lat' dir='ltr'><strong>Si</strong></span> <span class='ocrx_word' id='word_1_420' title='bbox 976 3417 1067 3465; x_wconf 79' lang='lat' dir='ltr'><strong>nutem</strong></span> <span class='ocrx_word' id='word_1_421' title='bbox 1092 3416 1116 3464; x_wconf 87' lang='lat' dir='ltr'><strong>te</strong></span> <span class='ocrx_word' id='word_1_422' title='bbox 1138 3425 1195 3464; x_wconf 81' lang='lat' dir='ltr'><strong>nee</strong></span> <span class='ocrx_word' id='word_1_423' title='bbox 1222 3407 1350 3473; x_wconf 65' lang='lat' dir='ltr'><strong>(tremit,</strong></span> <span class='ocrx_word' id='word_1_424' title='bbox 1367 3407 1467 3463; x_wconf 84' lang='lat' dir='ltr'><strong>udbibc</strong></span> <span class='ocrx_word' id='word_1_425' title='bbox 1480 3413 1567 3464; x_wconf 81' lang='lat' dir='ltr'><strong>tecum</strong></span> 
     </span>
     <span class='ocr_line' id='line_1_36' title="bbox 74 3496 1567 3569; baseline 0.001 -17"><span class='ocrx_word' id='word_1_426' title='bbox 74 3514 100 3552; x_wconf 88' lang='lat' dir='ltr'><strong>ts</strong></span> <span class='ocrx_word' id='word_1_427' title='bbox 121 3502 256 3569; x_wconf 84' lang='lat' dir='ltr'><strong>pereetor</strong></span> <span class='ocrx_word' id='word_1_428' title='bbox 279 3496 449 3551; x_wconf 78' lang='lat' dir='ltr'><strong>linnorntur.</strong></span> <span class='ocrx_word' id='word_1_429' title='bbox 466 3498 499 3552; x_wconf 75' lang='lat' dir='ltr'><strong>ltt</strong></span> <span class='ocrx_word' id='word_1_430' title='bbox 516 3502 547 3552; x_wconf 89' lang='lat' dir='ltr'><strong>ut</strong></span> <span class='ocrx_word' id='word_1_431' title='bbox 562 3498 687 3555; x_wconf 85' lang='lat' dir='ltr'><strong>bonores</strong></span> <span class='ocrx_word' id='word_1_432' title='bbox 740 3513 837 3564; x_wconf 79' lang='lat' dir='ltr'><strong>tentem,</strong></span> <span class='ocrx_word' id='word_1_433' title='bbox 854 3505 902 3554; x_wconf 77' lang='lat' dir='ltr'><strong>eret</strong></span> <span class='ocrx_word' id='word_1_434' title='bbox 919 3498 995 3563; x_wconf 82' lang='lat' dir='ltr'><strong>dum,</strong></span> <span class='ocrx_word' id='word_1_435' title='bbox 1011 3506 1041 3553; x_wconf 88' lang='lat' dir='ltr'><strong>ut</strong></span> <span class='ocrx_word' id='word_1_436' title='bbox 1064 3500 1094 3553; x_wconf 79' lang='lat' dir='ltr'><strong>iu·</strong></span> <span class='ocrx_word' id='word_1_437' title='bbox 1108 3513 1155 3553; x_wconf 87' lang='lat' dir='ltr'><strong>ere</strong></span> <span class='ocrx_word' id='word_1_438' title='bbox 1167 3497 1285 3553; x_wconf 75' lang='lat' dir='ltr'><strong>elicerem</strong></span> <span class='ocrx_word' id='word_1_439' title='bbox 1301 3498 1340 3553; x_wconf 76' lang='lat' dir='ltr'><strong>tel</strong></span> <span class='ocrx_word' id='word_1_440' title='bbox 1356 3499 1444 3553; x_wconf 78' lang='lat' dir='ltr'><strong>trium</strong></span> <span class='ocrx_word' id='word_1_441' title='bbox 1458 3498 1567 3553; x_wconf 81' lang='lat' dir='ltr'><strong>testium</strong></span> 
     </span>
     <span class='ocr_line' id='line_1_37' title="bbox 75 3582 1567 3658; baseline 0 -18"><span class='ocrx_word' id='word_1_442' title='bbox 75 3582 249 3640; x_wconf 79' lang='lat' dir='ltr'><strong>‚delentibus</strong></span> <span class='ocrx_word' id='word_1_443' title='bbox 265 3585 385 3648; x_wconf 83' lang='lat' dir='ltr'><strong>tribuat,</strong></span> <span class='ocrx_word' id='word_1_444' title='bbox 402 3584 540 3641; x_wconf 81' lang='lat' dir='ltr'><strong>lurulntur</strong></span> <span class='ocrx_word' id='word_1_445' title='bbox 554 3592 688 3658; x_wconf 83' lang='lat' dir='ltr'><strong>peccator</strong></span> <span class='ocrx_word' id='word_1_446' title='bbox 739 3593 790 3641; x_wconf 78' lang='lat' dir='ltr'><strong>stet</strong></span> <span class='ocrx_word' id='word_1_447' title='bbox 803 3602 881 3641; x_wconf 73' lang='lat' dir='ltr'><strong>emere</strong></span> <span class='ocrx_word' id='word_1_448' title='bbox 894 3585 1100 3654; x_wconf 69' lang='lat' dir='ltr'><strong>eertumtlued</strong></span> <span class='ocrx_word' id='word_1_449' title='bbox 1115 3588 1140 3641; x_wconf 81' lang='lat' dir='ltr'><strong>si</strong></span> <span class='ocrx_word' id='word_1_450' title='bbox 1154 3602 1210 3642; x_wconf 85' lang='lat' dir='ltr'><strong>nen</strong></span> <span class='ocrx_word' id='word_1_451' title='bbox 1224 3586 1345 3641; x_wconf 81' lang='lat' dir='ltr'><strong>usdierit</strong></span> <span class='ocrx_word' id='word_1_452' title='bbox 1357 3600 1413 3649; x_wconf 80' lang='lat' dir='ltr'><strong>ees,</strong></span> <span class='ocrx_word' id='word_1_453' title='bbox 1432 3587 1509 3642; x_wconf 73' lang='grc' dir='ltr'><em>Μ</em></span> <span class='ocrx_word' id='word_1_454' title='bbox 1522 3584 1567 3641; x_wconf 83' lang='lat' dir='ltr'><strong>die</strong></span> 
     </span>
     <span class='ocr_line' id='line_1_38' title="bbox 75 3672 1568 3746; baseline 0 -17"><span class='ocrx_word' id='word_1_455' title='bbox 75 3672 179 3730; x_wconf 78' lang='lat' dir='ltr'><strong>selme</strong></span> <span class='ocrx_word' id='word_1_456' title='bbox 195 3678 302 3738; x_wconf 63' lang='lat' dir='ltr'><strong>sumet</strong></span> <span class='ocrx_word' id='word_1_457' title='bbox 316 3673 366 3744; x_wconf 85' lang='lat' dir='ltr'><strong>qui</strong></span> <span class='ocrx_word' id='word_1_458' title='bbox 382 3673 483 3745; x_wconf 81' lang='lat' dir='ltr'><strong>inique</strong></span> <span class='ocrx_word' id='word_1_459' title='bbox 498 3675 558 3746; x_wconf 83' lang='lat' dir='ltr'><strong>egit</strong></span> <span class='ocrx_word' id='word_1_460' title='bbox 573 3676 688 3732; x_wconf 86' lang='lat' dir='ltr'><strong>benedi·</strong></span> <span class='ocrx_word' id='word_1_461' title='bbox 741 3674 878 3731; x_wconf 67' lang='lat' dir='ltr'><strong>reterre.</strong></span> <span class='ocrx_word' id='word_1_462' title='bbox 893 3674 926 3730; x_wconf 89' lang='lat' dir='ltr'><strong>Si</strong></span> <span class='ocrx_word' id='word_1_463' title='bbox 953 3682 1046 3731; x_wconf 83' lang='lat' dir='ltr'><strong>eutem</strong></span> <span class='ocrx_word' id='word_1_464' title='bbox 1074 3682 1100 3730; x_wconf 84' lang='lat' dir='ltr'><strong>et</strong></span> <span class='ocrx_word' id='word_1_465' title='bbox 1126 3675 1276 3730; x_wconf 83' lang='lat' dir='ltr'><strong>lirrlesium</strong></span> <span class='ocrx_word' id='word_1_466' title='bbox 1303 3690 1360 3729; x_wconf 80' lang='lat' dir='ltr'><strong>nen</strong></span> <span class='ocrx_word' id='word_1_467' title='bbox 1386 3673 1515 3742; x_wconf 83' lang='lat' dir='ltr'><strong>audierit,</strong></span> <span class='ocrx_word' id='word_1_468' title='bbox 1531 3675 1568 3730; x_wconf 79' lang='lat' dir='ltr'><strong>sit</strong></span> 
     </span>
     <span class='ocr_line' id='line_1_39' title="bbox 76 3761 1564 3836; baseline -0.001 -18"><span class='ocrx_word' id='word_1_469' title='bbox 76 3768 133 3818; x_wconf 83' lang='lat' dir='ltr'><strong>uus</strong></span> <span class='ocrx_word' id='word_1_470' title='bbox 143 3780 160 3817; x_wconf 91' lang='lat' dir='ltr'><strong>e</strong></span> <span class='ocrx_word' id='word_1_471' title='bbox 170 3761 295 3817; x_wconf 87' lang='lat' dir='ltr'><strong>mortuis</strong></span> <span class='ocrx_word' id='word_1_472' title='bbox 311 3762 339 3815; x_wconf 90' lang='lat' dir='ltr'><strong>in</strong></span> <span class='ocrx_word' id='word_1_473' title='bbox 356 3768 450 3818; x_wconf 85' lang='lat' dir='ltr'><strong>morte</strong></span> <span class='ocrx_word' id='word_1_474' title='bbox 465 3762 592 3835; x_wconf 83' lang='lat' dir='ltr'><strong>pessime</strong></span> <span class='ocrx_word' id='word_1_475' title='bbox 609 3780 688 3836; x_wconf 89' lang='lat' dir='ltr'><strong>sepe·</strong></span> <span class='ocrx_word' id='word_1_476' title='bbox 741 3763 792 3818; x_wconf 85' lang='lat' dir='ltr'><strong>tibi</strong></span> <span class='ocrx_word' id='word_1_477' title='bbox 805 3764 877 3819; x_wconf 81' lang='lat' dir='ltr'><strong>sicut</strong></span> <span class='ocrx_word' id='word_1_478' title='bbox 889 3764 1012 3819; x_wconf 76' lang='lat' dir='ltr'><strong>eunicus</strong></span> <span class='ocrx_word' id='word_1_479' title='bbox 1026 3771 1052 3819; x_wconf 86' lang='lat' dir='ltr'><strong>et</strong></span> <span class='ocrx_word' id='word_1_480' title='bbox 1064 3764 1230 3834; x_wconf 78' lang='lat' dir='ltr'><strong>petitionem</strong></span> <span class='ocrx_word' id='word_1_481' title='bbox 1244 3762 1346 3832; x_wconf 70' lang='lat' dir='ltr'><strong>(fleuit.</strong></span> <span class='ocrx_word' id='word_1_482' title='bbox 1363 3779 1443 3830; x_wconf 86' lang='lat' dir='ltr'><strong>svtu,</strong></span> <span class='ocrx_word' id='word_1_483' title='bbox 1459 3763 1564 3831; x_wconf 67' lang='lat' dir='ltr'><strong>tert).</strong></span> 
     </span>
     <span class='ocr_line' id='line_1_40' title="bbox 76 3850 1568 3925; baseline -0.001 -17"><span class='ocrx_word' id='word_1_484' title='bbox 76 3852 185 3925; x_wconf 87' lang='lat' dir='ltr'><strong>riplum</strong></span> <span class='ocrx_word' id='word_1_485' title='bbox 200 3854 259 3907; x_wconf 88' lang='lat' dir='ltr'><strong>est:</strong></span> <span class='ocrx_word' id='word_1_486' title='bbox 279 3851 389 3906; x_wconf 84' lang='lat' dir='ltr'><strong>l&#39;idrbus</strong></span> <span class='ocrx_word' id='word_1_487' title='bbox 404 3853 503 3921; x_wconf 76' lang='lat' dir='ltr'><strong>stt-rent,</strong></span> <span class='ocrx_word' id='word_1_488' title='bbox 519 3860 545 3908; x_wconf 88' lang='lat' dir='ltr'><strong>et</strong></span> <span class='ocrx_word' id='word_1_489' title='bbox 558 3853 687 3909; x_wconf 74' lang='lat' dir='ltr'><strong>currebas</strong></span> <span class='ocrx_word' id='word_1_490' title='bbox 742 3851 793 3907; x_wconf 88' lang='lat' dir='ltr'><strong>llis</strong></span> <span class='ocrx_word' id='word_1_491' title='bbox 807 3868 876 3925; x_wconf 90' lang='lat' dir='ltr'><strong>ergo</strong></span> <span class='ocrx_word' id='word_1_492' title='bbox 890 3856 918 3907; x_wconf 89' lang='lat' dir='ltr'><strong>et</strong></span> <span class='ocrx_word' id='word_1_493' title='bbox 932 3852 1034 3909; x_wconf 87' lang='lat' dir='ltr'><strong>multis</strong></span> <span class='ocrx_word' id='word_1_494' title='bbox 1047 3852 1114 3908; x_wconf 83' lang='lat' dir='ltr'><strong>eliis</strong></span> <span class='ocrx_word' id='word_1_495' title='bbox 1129 3858 1297 3909; x_wconf 81' lang='lat' dir='ltr'><strong>sanctorum</strong></span> <span class='ocrx_word' id='word_1_496' title='bbox 1308 3850 1428 3907; x_wconf 85' lang='lat' dir='ltr'><strong>Petrum</strong></span> <span class='ocrx_word' id='word_1_497' title='bbox 1444 3851 1568 3908; x_wconf 85' lang='lat' dir='ltr'><strong>sectori·</strong></span> 
     </span>
     <span class='ocr_line' id='line_1_41' title="bbox 75 3938 1568 4015; baseline 0.001 -20"><span class='ocrx_word' id='word_1_498' title='bbox 75 3956 109 3995; x_wconf 81' lang='lat' dir='ltr'><strong>tm</strong></span> <span class='ocrx_word' id='word_1_499' title='bbox 132 3939 264 3995; x_wconf 81' lang='lat' dir='ltr'><strong>adulteris</strong></span> <span class='ocrx_word' id='word_1_500' title='bbox 289 3942 441 4011; x_wconf 82' lang='lat' dir='ltr'><strong>portionem</strong></span> <span class='ocrx_word' id='word_1_501' title='bbox 468 3948 544 3995; x_wconf 81' lang='lat' dir='ltr'><strong>tuem</strong></span> <span class='ocrx_word' id='word_1_502' title='bbox 570 3943 688 4014; x_wconf 81' lang='lat' dir='ltr'><strong>penedes</strong></span> <span class='ocrx_word' id='word_1_503' title='bbox 742 3940 853 3997; x_wconf 80' lang='lat' dir='ltr'><strong>tutibus</strong></span> <span class='ocrx_word' id='word_1_504' title='bbox 875 3941 1049 4015; x_wconf 80' lang='lat' dir='ltr'><strong>eegr-egendi</strong></span> <span class='ocrx_word' id='word_1_505' title='bbox 1074 3946 1144 3997; x_wconf 92' lang='lat' dir='ltr'><strong>sunt</strong></span> <span class='ocrx_word' id='word_1_506' title='bbox 1167 3940 1237 3996; x_wconf 86' lang='lat' dir='ltr'><strong>mali</strong></span> <span class='ocrx_word' id='word_1_507' title='bbox 1253 3958 1271 3996; x_wconf 89' lang='lat' dir='ltr'><strong>e</strong></span> <span class='ocrx_word' id='word_1_508' title='bbox 1287 3938 1382 4007; x_wconf 87' lang='lat' dir='ltr'><strong>bonis,</strong></span> <span class='ocrx_word' id='word_1_509' title='bbox 1399 3958 1434 3997; x_wconf 89' lang='lat' dir='ltr'><strong>ne</strong></span> <span class='ocrx_word' id='word_1_510' title='bbox 1448 3945 1568 4015; x_wconf 74' lang='lat' dir='ltr'><strong>pereunt</strong></span> 
     </span>
     <span class='ocr_line' id='line_1_42' title="bbox 76 4028 1568 4103; baseline 0.001 -20"><span class='ocrx_word' id='word_1_511' title='bbox 76 4068 84 4083; x_wconf 85' lang='lat'><strong>.</strong></span> <span class='ocrx_word' id='word_1_512' title='bbox 100 4028 197 4083; x_wconf 84' lang='lat' dir='ltr'><strong>Currit</strong></span> <span class='ocrx_word' id='word_1_513' title='bbox 212 4028 291 4083; x_wconf 88' lang='lat' dir='ltr'><strong>enirn</strong></span> <span class='ocrx_word' id='word_1_514' title='bbox 306 4045 373 4083; x_wconf 91' lang='lat' dir='ltr'><strong>cum</strong></span> <span class='ocrx_word' id='word_1_515' title='bbox 391 4030 464 4099; x_wconf 86' lang='lat' dir='ltr'><strong>lure,</strong></span> <span class='ocrx_word' id='word_1_516' title='bbox 480 4033 510 4084; x_wconf 89' lang='lat' dir='ltr'><strong>rt</strong></span> <span class='ocrx_word' id='word_1_517' title='bbox 525 4029 687 4100; x_wconf 89' lang='lat' dir='ltr'><strong>portionem</strong></span> <span class='ocrx_word' id='word_1_518' title='bbox 737 4029 812 4100; x_wconf 81' lang='lat' dir='ltr'><strong>justi</strong></span> <span class='ocrx_word' id='word_1_519' title='bbox 820 4029 1012 4101; x_wconf 85' lang='lat' dir='ltr'><strong>proinjustie,</strong></span> <span class='ocrx_word' id='word_1_520' title='bbox 1026 4030 1103 4085; x_wconf 87' lang='lat' dir='ltr'><strong>sieut</strong></span> <span class='ocrx_word' id='word_1_521' title='bbox 1113 4030 1257 4103; x_wconf 87' lang='lat' dir='ltr'><strong>scriptum</strong></span> <span class='ocrx_word' id='word_1_522' title='bbox 1271 4030 1414 4085; x_wconf 85' lang='lat' dir='ltr'><strong>est:Perit</strong></span> <span class='ocrx_word' id='word_1_523' title='bbox 1421 4031 1568 4103; x_wconf 78' lang='lat' dir='ltr'><strong>jtetespre</strong></span> 
     </span>
     <span class='ocr_line' id='line_1_43' title="bbox 75 4116 1567 4189; baseline 0 -16"><span class='ocrx_word' id='word_1_524' title='bbox 75 4132 127 4173; x_wconf 85' lang='lat' dir='ltr'><strong>um</strong></span> <span class='ocrx_word' id='word_1_525' title='bbox 142 4117 307 4188; x_wconf 65' lang='lat' dir='ltr'><strong>coquendo</strong></span> <span class='ocrx_word' id='word_1_526' title='bbox 323 4117 347 4172; x_wconf 86' lang='lat' dir='ltr'><strong>ei</strong></span> <span class='ocrx_word' id='word_1_527' title='bbox 360 4116 483 4188; x_wconf 68' lang='lat' dir='ltr'><strong>quistet</strong></span> <span class='ocrx_word' id='word_1_528' title='bbox 499 4117 528 4172; x_wconf 92' lang='lat' dir='ltr'><strong>in</strong></span> <span class='ocrx_word' id='word_1_529' title='bbox 546 4118 687 4173; x_wconf 79' lang='lat' dir='ltr'><strong>adulteris</strong></span> <span class='ocrx_word' id='word_1_530' title='bbox 743 4119 827 4189; x_wconf 85' lang='lat' dir='ltr'><strong>impio</strong></span> <span class='ocrx_word' id='word_1_531' title='bbox 841 4118 936 4189; x_wconf 79' lang='lat' dir='ltr'><strong>(Erete.</strong></span> <span class='ocrx_word' id='word_1_532' title='bbox 954 4134 1004 4186; x_wconf 89' lang='lat' dir='ltr'><strong>vu,</strong></span> <span class='ocrx_word' id='word_1_533' title='bbox 1022 4118 1076 4183; x_wconf 82' lang='lat' dir='ltr'><strong>lli).</strong></span> <span class='ocrx_word' id='word_1_534' title='bbox 1093 4118 1184 4174; x_wconf 85' lang='lat' dir='ltr'><strong>Debet</strong></span> <span class='ocrx_word' id='word_1_535' title='bbox 1197 4117 1276 4173; x_wconf 90' lang='lat' dir='ltr'><strong>euim</strong></span> <span class='ocrx_word' id='word_1_536' title='bbox 1292 4132 1410 4189; x_wconf 85' lang='lat' dir='ltr'><strong>semper</strong></span> <span class='ocrx_word' id='word_1_537' title='bbox 1429 4117 1567 4173; x_wconf 87' lang='lat' dir='ltr'><strong>diseretio</strong></span> 
     </span>
     <span class='ocr_line' id='line_1_44' title="bbox 87 4204 1568 4277; baseline 0.001 -17"><span class='ocrx_word' id='word_1_538' title='bbox 87 4204 118 4260; x_wconf 89' lang='lat' dir='ltr'><strong>in</strong></span> <span class='ocrx_word' id='word_1_539' title='bbox 133 4205 339 4261; x_wconf 72' lang='lat' dir='ltr'><strong>consentaneis</strong></span> <span class='ocrx_word' id='word_1_540' title='bbox 366 4205 566 4277; x_wconf 80' lang='lat' dir='ltr'><strong>voluptatibus</strong></span> <span class='ocrx_word' id='word_1_541' title='bbox 594 4205 636 4261; x_wconf 94' lang='lat' dir='ltr'><strong>illi</strong></span> <span class='ocrx_word' id='word_1_542' title='bbox 656 4224 687 4263; x_wconf 87' lang='lat' dir='ltr'><strong>se</strong></span> <span class='ocrx_word' id='word_1_543' title='bbox 741 4206 804 4261; x_wconf 89' lang='lat' dir='ltr'><strong>tleri</strong></span> <span class='ocrx_word' id='word_1_544' title='bbox 820 4207 895 4262; x_wconf 87' lang='lat' dir='ltr'><strong>inter</strong></span> <span class='ocrx_word' id='word_1_545' title='bbox 910 4207 1002 4261; x_wconf 90' lang='lat' dir='ltr'><strong>bonos</strong></span> <span class='ocrx_word' id='word_1_546' title='bbox 1016 4210 1046 4261; x_wconf 87' lang='lat' dir='ltr'><strong>et</strong></span> <span class='ocrx_word' id='word_1_547' title='bbox 1061 4206 1168 4277; x_wconf 86' lang='lat' dir='ltr'><strong>melos,</strong></span> <span class='ocrx_word' id='word_1_548' title='bbox 1184 4206 1261 4261; x_wconf 89' lang='lat' dir='ltr'><strong>sieut</strong></span> <span class='ocrx_word' id='word_1_549' title='bbox 1274 4208 1320 4261; x_wconf 90' lang='lat' dir='ltr'><strong>est</strong></span> <span class='ocrx_word' id='word_1_550' title='bbox 1334 4205 1411 4261; x_wconf 91' lang='lat' dir='ltr'><strong>inter</strong></span> <span class='ocrx_word' id='word_1_551' title='bbox 1426 4204 1525 4261; x_wconf 80' lang='lat' dir='ltr'><strong>hedos</strong></span> <span class='ocrx_word' id='word_1_552' title='bbox 1539 4208 1568 4261; x_wconf 87' lang='lat' dir='ltr'><strong>et</strong></span> 
     </span>
     <span class='ocr_line' id='line_1_45' title="bbox 75 4293 1568 4367; baseline 0.001 -18"><span class='ocrx_word' id='word_1_553' title='bbox 75 4294 190 4349; x_wconf 71' lang='lat' dir='ltr'><strong>*tionem</strong></span> <span class='ocrx_word' id='word_1_554' title='bbox 214 4311 308 4361; x_wconf 86' lang='lat' dir='ltr'><strong>susm,</strong></span> <span class='ocrx_word' id='word_1_555' title='bbox 327 4310 415 4365; x_wconf 79' lang='lat' dir='ltr'><strong>quem</strong></span> <span class='ocrx_word' id='word_1_556' title='bbox 431 4310 499 4349; x_wconf 87' lang='lat' dir='ltr'><strong>cum</strong></span> <span class='ocrx_word' id='word_1_557' title='bbox 516 4294 574 4350; x_wconf 75' lang='lat' dir='ltr'><strong>liro</strong></span> <span class='ocrx_word' id='word_1_558' title='bbox 588 4300 618 4351; x_wconf 94' lang='lat' dir='ltr'><strong>et</strong></span> <span class='ocrx_word' id='word_1_559' title='bbox 632 4312 687 4352; x_wconf 91' lang='lat' dir='ltr'><strong>en·</strong></span> <span class='ocrx_word' id='word_1_560' title='bbox 741 4312 819 4351; x_wconf 84' lang='lat' dir='ltr'><strong>oves.</strong></span> <span class='ocrx_word' id='word_1_561' title='bbox 836 4294 990 4351; x_wconf 84' lang='lat' dir='ltr'><strong>Menit&#39;este</strong></span> <span class='ocrx_word' id='word_1_562' title='bbox 1011 4310 1128 4367; x_wconf 88' lang='lat' dir='ltr'><strong>quoque</strong></span> <span class='ocrx_word' id='word_1_563' title='bbox 1153 4297 1271 4367; x_wconf 86' lang='lat' dir='ltr'><strong>peeeeto</strong></span> <span class='ocrx_word' id='word_1_564' title='bbox 1294 4310 1352 4349; x_wconf 93' lang='lat' dir='ltr'><strong>non</strong></span> <span class='ocrx_word' id='word_1_565' title='bbox 1367 4297 1438 4349; x_wconf 89' lang='lat' dir='ltr'><strong>sunt</strong></span> <span class='ocrx_word' id='word_1_566' title='bbox 1453 4293 1568 4350; x_wconf 83' lang='lat' dir='ltr'><strong>occulte</strong></span> 
     </span>
     <span class='ocr_line' id='line_1_46' title="bbox 88 4381 1567 4457; baseline 0.001 -19"><span class='ocrx_word' id='word_1_567' title='bbox 88 4381 237 4447; x_wconf 85' lang='lat' dir='ltr'><strong>debueret,</strong></span> <span class='ocrx_word' id='word_1_568' title='bbox 256 4382 285 4436; x_wconf 90' lang='lat' dir='ltr'><strong>in</strong></span> <span class='ocrx_word' id='word_1_569' title='bbox 301 4382 414 4438; x_wconf 82' lang='lat' dir='ltr'><strong>iulbmo</strong></span> <span class='ocrx_word' id='word_1_570' title='bbox 439 4400 507 4438; x_wconf 89' lang='lat' dir='ltr'><strong>rum</strong></span> <span class='ocrx_word' id='word_1_571' title='bbox 529 4383 578 4438; x_wconf 91' lang='lat' dir='ltr'><strong>illo</strong></span> <span class='ocrx_word' id='word_1_572' title='bbox 594 4384 686 4456; x_wconf 88' lang='lat' dir='ltr'><strong>ponit,</strong></span> <span class='ocrx_word' id='word_1_573' title='bbox 740 4383 918 4441; x_wconf 87' lang='lat' dir='ltr'><strong>correctione</strong></span> <span class='ocrx_word' id='word_1_574' title='bbox 934 4384 1154 4457; x_wconf 87' lang='lat' dir='ltr'><strong>purgunde,sed</strong></span> <span class='ocrx_word' id='word_1_575' title='bbox 1171 4382 1267 4455; x_wconf 85' lang='lat' dir='ltr'><strong>polum</strong></span> <span class='ocrx_word' id='word_1_576' title='bbox 1283 4386 1354 4439; x_wconf 87' lang='lat' dir='ltr'><strong>eunt</strong></span> <span class='ocrx_word' id='word_1_577' title='bbox 1367 4382 1567 4457; x_wconf 80' lang='lat' dir='ltr'><strong>arguendiqui</strong></span> 
     </span>
     <span class='ocr_line' id='line_1_47' title="bbox 75 4470 1567 4547; baseline 0.001 -20"><span class='ocrx_word' id='word_1_578' title='bbox 75 4470 156 4527; x_wconf 75' lang='lat' dir='ltr'><strong>deret</strong></span> <span class='ocrx_word' id='word_1_579' title='bbox 180 4472 302 4539; x_wconf 75' lang='lat' dir='ltr'><strong>reelitirt,</strong></span> <span class='ocrx_word' id='word_1_580' title='bbox 330 4480 356 4526; x_wconf 83' lang='lat' dir='ltr'><strong>et</strong></span> <span class='ocrx_word' id='word_1_581' title='bbox 381 4473 481 4543; x_wconf 69' lang='lat' dir='ltr'><strong>linque</strong></span> <span class='ocrx_word' id='word_1_582' title='bbox 509 4475 689 4529; x_wconf 78' lang='lat' dir='ltr'><strong>concinnabat</strong></span> <span class='ocrx_word' id='word_1_583' title='bbox 742 4472 1567 4547; x_wconf 77' lang='lat' dir='ltr'><strong>pelemnocent,utdumeperteobjurgetieueseenntur,</strong></span> 
     </span>
     <span class='ocr_line' id='line_1_48' title="bbox 79 4560 1568 4647; baseline 0.003 -32"><span class='ocrx_word' id='word_1_584' title='bbox 79 4576 154 4627; x_wconf 79' lang='lat' dir='ltr'><strong>stix,</strong></span> <span class='ocrx_word' id='word_1_585' title='bbox 172 4560 215 4628; x_wconf 84' lang='lat'><strong>19)</strong></span> <span class='ocrx_word' id='word_1_586' title='bbox 234 4577 240 4615; x_wconf 94' lang='lat'><strong>:</strong></span> <span class='ocrx_word' id='word_1_587' title='bbox 267 4561 386 4630; x_wconf 68' lang='lat' dir='ltr'><strong>quamde</strong></span> <span class='ocrx_word' id='word_1_588' title='bbox 410 4560 459 4615; x_wconf 92' lang='lat' dir='ltr'><strong>illo</strong></span> <span class='ocrx_word' id='word_1_589' title='bbox 485 4561 562 4617; x_wconf 86' lang='lat' dir='ltr'><strong>mele</strong></span> <span class='ocrx_word' id='word_1_590' title='bbox 585 4568 727 4647; x_wconf 66' lang='lat' dir='ltr'><strong>egentep</strong></span> <span class='ocrx_word' id='word_1_591' title='bbox 742 4564 772 4619; x_wconf 90' lang='lat' dir='ltr'><strong>bi</strong></span> <span class='ocrx_word' id='word_1_592' title='bbox 788 4564 903 4637; x_wconf 82' lang='lat' dir='ltr'><strong>quises</strong></span> <span class='ocrx_word' id='word_1_593' title='bbox 918 4563 1061 4618; x_wconf 77' lang='lat' dir='ltr'><strong>imitando</strong></span> <span class='ocrx_word' id='word_1_594' title='bbox 1081 4560 1268 4633; x_wconf 86' lang='lat' dir='ltr'><strong>deliquerent</strong></span> <span class='ocrx_word' id='word_1_595' title='bbox 1280 4560 1475 4634; x_wconf 79' lang='lat' dir='ltr'><strong>corrigentur.</strong></span> <span class='ocrx_word' id='word_1_596' title='bbox 1491 4561 1568 4619; x_wconf 86' lang='lat' dir='ltr'><strong>Dum</strong></span> 
     </span>
     <span class='ocr_line' id='line_1_49' title="bbox 76 4647 1568 4724; baseline 0.003 -20"><span class='ocrx_word' id='word_1_597' title='bbox 76 4648 156 4704; x_wconf 82' lang='lat' dir='ltr'><strong>close</strong></span> <span class='ocrx_word' id='word_1_598' title='bbox 178 4647 327 4714; x_wconf 78' lang='lat' dir='ltr'><strong>luridubut,</strong></span> <span class='ocrx_word' id='word_1_599' title='bbox 343 4649 388 4703; x_wconf 83' lang='lat' dir='ltr'><strong>vel</strong></span> <span class='ocrx_word' id='word_1_600' title='bbox 404 4650 466 4704; x_wconf 83' lang='lat' dir='ltr'><strong>suis</strong></span> <span class='ocrx_word' id='word_1_601' title='bbox 483 4652 579 4721; x_wconf 79' lang='lat' dir='ltr'><strong>pravis</strong></span> <span class='ocrx_word' id='word_1_602' title='bbox 594 4652 685 4706; x_wconf 82' lang='lat' dir='ltr'><strong>setie-</strong></span> <span class='ocrx_word' id='word_1_603' title='bbox 740 4654 818 4709; x_wconf 87' lang='lat' dir='ltr'><strong>enim</strong></span> <span class='ocrx_word' id='word_1_604' title='bbox 829 4649 1200 4724; x_wconf 74' lang='lat' dir='ltr'><strong>unuscori&#39;ipiturplurimi</strong></span> <span class='ocrx_word' id='word_1_605' title='bbox 1213 4650 1568 4708; x_wconf 76' lang='lat' dir='ltr'><strong>emendenturlitmelins</strong></span> 
     </span>
     <span class='ocr_line' id='line_1_50' title="bbox 76 4738 1566 4813; baseline 0.002 -20"><span class='ocrx_word' id='word_1_606' title='bbox 76 4746 128 4793; x_wconf 82' lang='lat' dir='ltr'><strong>um</strong></span> <span class='ocrx_word' id='word_1_607' title='bbox 158 4738 313 4809; x_wconf 76' lang='lat' dir='ltr'><strong>prebebat,</strong></span> <span class='ocrx_word' id='word_1_608' title='bbox 330 4740 396 4808; x_wconf 69' lang='lat' dir='ltr'><strong>‹puiu</strong></span> <span class='ocrx_word' id='word_1_609' title='bbox 411 4755 463 4794; x_wconf 86' lang='lat' dir='ltr'><strong>nen</strong></span> <span class='ocrx_word' id='word_1_610' title='bbox 478 4740 566 4794; x_wconf 73' lang='lat' dir='ltr'><strong>solium</strong></span> <span class='ocrx_word' id='word_1_611' title='bbox 582 4742 630 4812; x_wconf 77' lang='lat' dir='ltr'><strong>ptri</strong></span> <span class='ocrx_word' id='word_1_612' title='bbox 642 4742 686 4811; x_wconf 74' lang='lat' dir='ltr'><strong>tir·</strong></span> <span class='ocrx_word' id='word_1_613' title='bbox 741 4746 836 4809; x_wconf 87' lang='lat' dir='ltr'><strong>cst,ut</strong></span> <span class='ocrx_word' id='word_1_614' title='bbox 846 4758 898 4813; x_wconf 92' lang='lat' dir='ltr'><strong>pro</strong></span> <span class='ocrx_word' id='word_1_615' title='bbox 908 4738 1070 4795; x_wconf 87' lang='lat' dir='ltr'><strong>multorum</strong></span> <span class='ocrx_word' id='word_1_616' title='bbox 1084 4739 1245 4796; x_wconf 86' lang='lat' dir='ltr'><strong>selvetione</strong></span> <span class='ocrx_word' id='word_1_617' title='bbox 1254 4749 1334 4795; x_wconf 81' lang='lat' dir='ltr'><strong>tinus</strong></span> <span class='ocrx_word' id='word_1_618' title='bbox 1343 4740 1566 4808; x_wconf 87' lang='lat' dir='ltr'><strong>condemnetur,</strong></span> 
     </span>
     <span class='ocr_line' id='line_1_51' title="bbox 75 4828 1567 4903; baseline 0.002 -21"><span class='ocrx_word' id='word_1_619' title='bbox 75 4828 114 4897; x_wconf 72' lang='lat' dir='ltr'><strong>tui</strong></span> <span class='ocrx_word' id='word_1_620' title='bbox 138 4830 309 4882; x_wconf 79' lang='lat' dir='ltr'><strong>romentiuut</strong></span> <span class='ocrx_word' id='word_1_621' title='bbox 336 4829 509 4898; x_wconf 72' lang='lat' dir='ltr'><strong>sarcientibus,</strong></span> <span class='ocrx_word' id='word_1_622' title='bbox 525 4828 604 4900; x_wconf 71' lang='lat' dir='ltr'><strong>client</strong></span> <span class='ocrx_word' id='word_1_623' title='bbox 623 4838 688 4885; x_wconf 82' lang='lat' dir='ltr'><strong>suet</strong></span> <span class='ocrx_word' id='word_1_624' title='bbox 741 4846 829 4903; x_wconf 80' lang='lat' dir='ltr'><strong>quum</strong></span> <span class='ocrx_word' id='word_1_625' title='bbox 846 4828 1164 4903; x_wconf 83' lang='lat' dir='ltr'><strong>peruniuslieentiem</strong></span> <span class='ocrx_word' id='word_1_626' title='bbox 1181 4828 1266 4883; x_wconf 89' lang='lat' dir='ltr'><strong>multi</strong></span> <span class='ocrx_word' id='word_1_627' title='bbox 1281 4828 1493 4901; x_wconf 86' lang='lat' dir='ltr'><strong>periclitentur.</strong></span> <span class='ocrx_word' id='word_1_628' title='bbox 1511 4831 1567 4885; x_wconf 84' lang='lat' dir='ltr'><strong>Neo</strong></span> 
     </span>
     <span class='ocr_line' id='line_1_52' title="bbox 75 4912 1565 4987; baseline -0.001 -16"><span class='ocrx_word' id='word_1_629' title='bbox 75 4914 128 4987; x_wconf 58' lang='grc' dir='ltr'><strong>Ὠ).</strong></span> <span class='ocrx_word' id='word_1_630' title='bbox 145 4912 227 4970; x_wconf 87' lang='lat' dir='ltr'><strong>Unde</strong></span> <span class='ocrx_word' id='word_1_631' title='bbox 240 4919 364 4970; x_wconf 85' lang='lat' dir='ltr'><strong>senetus</strong></span> <span class='ocrx_word' id='word_1_632' title='bbox 378 4916 572 4972; x_wconf 75' lang='lat' dir='ltr'><strong>Ambrosius:</strong></span> <span class='ocrx_word' id='word_1_633' title='bbox 589 4940 602 4967; x_wconf 77' lang='lat' dir='ltr'><strong>e</strong></span> <span class='ocrx_word' id='word_1_634' title='bbox 614 4922 686 4973; x_wconf 82' lang='lat' dir='ltr'><strong>Cum</strong></span> <span class='ocrx_word' id='word_1_635' title='bbox 741 4919 849 4975; x_wconf 89' lang='lat' dir='ltr'><strong>mirum</strong></span> <span class='ocrx_word' id='word_1_636' title='bbox 865 4917 888 4975; x_wconf 93' lang='lat' dir='ltr'><strong>si</strong></span> <span class='ocrx_word' id='word_1_637' title='bbox 906 4918 982 4973; x_wconf 88' lang='lat' dir='ltr'><strong>inter</strong></span> <span class='ocrx_word' id='word_1_638' title='bbox 996 4916 1130 4973; x_wconf 86' lang='lat' dir='ltr'><strong>hemines</strong></span> <span class='ocrx_word' id='word_1_639' title='bbox 1145 4917 1207 4973; x_wconf 83' lang='lat' dir='ltr'><strong>uec</strong></span> <span class='ocrx_word' id='word_1_640' title='bbox 1221 4917 1296 4973; x_wconf 82' lang='lat' dir='ltr'><strong>rotie</strong></span> <span class='ocrx_word' id='word_1_641' title='bbox 1312 4918 1487 4984; x_wconf 83' lang='lat' dir='ltr'><strong>custoditur,</strong></span> <span class='ocrx_word' id='word_1_642' title='bbox 1499 4933 1565 4972; x_wconf 89' lang='lat' dir='ltr'><strong>eum</strong></span> 
     </span>
     <span class='ocr_line' id='line_1_53' title="bbox 88 5003 1568 5079; baseline -0.001 -20"><span class='ocrx_word' id='word_1_643' title='bbox 88 5003 167 5059; x_wconf 83' lang='lat' dir='ltr'><strong>uidet</strong></span> <span class='ocrx_word' id='word_1_644' title='bbox 190 5004 326 5059; x_wconf 85' lang='lat' dir='ltr'><strong>benomri</strong></span> <span class='ocrx_word' id='word_1_645' title='bbox 351 5022 383 5059; x_wconf 87' lang='lat' dir='ltr'><strong>se</strong></span> <span class='ocrx_word' id='word_1_646' title='bbox 408 5004 491 5076; x_wconf 80' lang='lat' dir='ltr'><strong>(quin</strong></span> <span class='ocrx_word' id='word_1_647' title='bbox 507 5005 532 5061; x_wconf 84' lang='lat' dir='ltr'><strong>is</strong></span> <span class='ocrx_word' id='word_1_648' title='bbox 551 5006 600 5077; x_wconf 85' lang='lat' dir='ltr'><strong>qui</strong></span> <span class='ocrx_word' id='word_1_649' title='bbox 618 5006 688 5062; x_wconf 77' lang='lat' dir='ltr'><strong>talis</strong></span> <span class='ocrx_word' id='word_1_650' title='bbox 741 5013 770 5063; x_wconf 83' lang='lat' dir='ltr'><strong>et</strong></span> <span class='ocrx_word' id='word_1_651' title='bbox 785 5008 860 5063; x_wconf 89' lang='lat' dir='ltr'><strong>inter</strong></span> <span class='ocrx_word' id='word_1_652' title='bbox 871 5008 1010 5078; x_wconf 84' lang='lat' dir='ltr'><strong>jutnente</strong></span> <span class='ocrx_word' id='word_1_653' title='bbox 1025 5005 1086 5061; x_wconf 81' lang='lat' dir='ltr'><strong>bec</strong></span> <span class='ocrx_word' id='word_1_654' title='bbox 1101 5005 1163 5062; x_wconf 83' lang='lat' dir='ltr'><strong>lieri</strong></span> <span class='ocrx_word' id='word_1_655' title='bbox 1180 5022 1307 5079; x_wconf 76' lang='lat' dir='ltr'><strong>persepe</strong></span> <span class='ocrx_word' id='word_1_656' title='bbox 1323 5003 1522 5078; x_wconf 84' lang='lat' dir='ltr'><strong>cognevimus.</strong></span> <span class='ocrx_word' id='word_1_657' title='bbox 1539 5007 1568 5059; x_wconf 86' lang='lat' dir='ltr'><strong>et</strong></span> 
     </span>
    </p>
   </div>
   <div class='ocr_carea' id='block_1_3' title="bbox 75 5092 1566 5699">
    <p class='ocr_par' dir='ltr' id='par_1_3' title="bbox 75 5092 1566 5699">
     <span class='ocr_line' id='line_1_54' title="bbox 75 5092 1565 5168; baseline -0.001 -20"><span class='ocrx_word' id='word_1_658' title='bbox 75 5092 113 5165; x_wconf 86' lang='lat' dir='ltr'><strong>pii</strong></span> <span class='ocrx_word' id='word_1_659' title='bbox 131 5110 188 5148; x_wconf 92' lang='lat' dir='ltr'><strong>non</strong></span> <span class='ocrx_word' id='word_1_660' title='bbox 205 5097 275 5147; x_wconf 88' lang='lat' dir='ltr'><strong>snnt</strong></span> <span class='ocrx_word' id='word_1_661' title='bbox 287 5092 373 5159; x_wconf 85' lang='lat' dir='ltr'><strong>teies,</strong></span> <span class='ocrx_word' id='word_1_662' title='bbox 390 5094 494 5149; x_wconf 89' lang='lat' dir='ltr'><strong>erescit</strong></span> <span class='ocrx_word' id='word_1_663' title='bbox 509 5094 536 5148; x_wconf 92' lang='lat' dir='ltr'><strong>in</strong></span> <span class='ocrx_word' id='word_1_664' title='bbox 553 5095 641 5158; x_wconf 73' lang='lat' dir='ltr'><strong>ruelii,</strong></span> <span class='ocrx_word' id='word_1_665' title='bbox 658 5100 687 5151; x_wconf 89' lang='lat' dir='ltr'><strong>et</strong></span> <span class='ocrx_word' id='word_1_666' title='bbox 741 5114 775 5153; x_wconf 85' lang='lat' dir='ltr'><strong>ee</strong></span> <span class='ocrx_word' id='word_1_667' title='bbox 790 5110 853 5168; x_wconf 76' lang='lat' dir='ltr'><strong>que</strong></span> <span class='ocrx_word' id='word_1_668' title='bbox 869 5093 996 5151; x_wconf 74' lang='lat' dir='ltr'><strong>seetiietu</strong></span> <span class='ocrx_word' id='word_1_669' title='bbox 1013 5098 1064 5151; x_wconf 90' lang='lat' dir='ltr'><strong>sut</strong></span> <span class='ocrx_word' id='word_1_670' title='bbox 1080 5094 1283 5168; x_wconf 84' lang='lat' dir='ltr'><strong>impetiginem</strong></span> <span class='ocrx_word' id='word_1_671' title='bbox 1298 5094 1405 5165; x_wconf 83' lang='lat' dir='ltr'><strong>hebere</strong></span> <span class='ocrx_word' id='word_1_672' title='bbox 1420 5093 1565 5157; x_wconf 88' lang='lat' dir='ltr'><strong>videntur,</strong></span> 
     </span>
     <span class='ocr_line' id='line_1_55' title="bbox 75 5180 1565 5256; baseline -0.003 -17"><span class='ocrx_word' id='word_1_673' title='bbox 75 5182 234 5247; x_wconf 76' lang='lat' dir='ltr'><strong>esetnlem,</strong></span> <span class='ocrx_word' id='word_1_674' title='bbox 246 5181 354 5237; x_wconf 88' lang='lat' dir='ltr'><strong>ideireo</strong></span> <span class='ocrx_word' id='word_1_675' title='bbox 364 5182 487 5253; x_wconf 83' lang='lat' dir='ltr'><strong>dignum</strong></span> <span class='ocrx_word' id='word_1_676' title='bbox 503 5189 546 5238; x_wconf 81' lang='lat' dir='ltr'><strong>est</strong></span> <span class='ocrx_word' id='word_1_677' title='bbox 561 5201 620 5239; x_wconf 91' lang='lat' dir='ltr'><strong>unu</strong></span> <span class='ocrx_word' id='word_1_678' title='bbox 633 5184 686 5241; x_wconf 84' lang='lat' dir='ltr'><strong>lios</strong></span> <span class='ocrx_word' id='word_1_679' title='bbox 741 5188 916 5256; x_wconf 81' lang='lat' dir='ltr'><strong>separentur</strong></span> <span class='ocrx_word' id='word_1_680' title='bbox 930 5202 948 5239; x_wconf 83' lang='lat' dir='ltr'><strong>e</strong></span> <span class='ocrx_word' id='word_1_681' title='bbox 962 5182 1054 5253; x_wconf 85' lang='lat' dir='ltr'><strong>senis,</strong></span> <span class='ocrx_word' id='word_1_682' title='bbox 1072 5200 1107 5237; x_wconf 92' lang='lat' dir='ltr'><strong>nc</strong></span> <span class='ocrx_word' id='word_1_683' title='bbox 1120 5182 1238 5239; x_wconf 83' lang='lat' dir='ltr'><strong>illerum</strong></span> <span class='ocrx_word' id='word_1_684' title='bbox 1253 5182 1356 5238; x_wconf 88' lang='lat' dir='ltr'><strong>morbo</strong></span> <span class='ocrx_word' id='word_1_685' title='bbox 1372 5184 1474 5236; x_wconf 80' lang='lat' dir='ltr'><strong>cetere</strong></span> <span class='ocrx_word' id='word_1_686' title='bbox 1486 5180 1565 5235; x_wconf 90' lang='lat' dir='ltr'><strong>dem·</strong></span> 
     </span>
     <span class='ocr_line' id='line_1_56' title="bbox 75 5267 1566 5343; baseline -0.003 -16"><span class='ocrx_word' id='word_1_687' title='bbox 75 5271 138 5327; x_wconf 88' lang='lat' dir='ltr'><strong>dos.</strong></span> <span class='ocrx_word' id='word_1_688' title='bbox 155 5272 211 5327; x_wconf 86' lang='lat' dir='ltr'><strong>Sed</strong></span> <span class='ocrx_word' id='word_1_689' title='bbox 227 5276 255 5325; x_wconf 87' lang='lat' dir='ltr'><strong>et</strong></span> <span class='ocrx_word' id='word_1_690' title='bbox 271 5270 296 5325; x_wconf 92' lang='lat' dir='ltr'><strong>is</strong></span> <span class='ocrx_word' id='word_1_691' title='bbox 311 5271 360 5342; x_wconf 81' lang='lat' dir='ltr'><strong>qui</strong></span> <span class='ocrx_word' id='word_1_692' title='bbox 386 5271 455 5327; x_wconf 84' lang='lat' dir='ltr'><strong>telin</strong></span> <span class='ocrx_word' id='word_1_693' title='bbox 469 5272 592 5343; x_wconf 84' lang='lat' dir='ltr'><strong>judicet,</strong></span> <span class='ocrx_word' id='word_1_694' title='bbox 610 5273 686 5329; x_wconf 88' lang='lat' dir='ltr'><strong>sieut</strong></span> <span class='ocrx_word' id='word_1_695' title='bbox 741 5278 848 5329; x_wconf 88' lang='lat' dir='ltr'><strong>nentur</strong></span> <span class='ocrx_word' id='word_1_696' title='bbox 860 5272 904 5328; x_wconf 84' lang='lat' dir='ltr'><strong>vel</strong></span> <span class='ocrx_word' id='word_1_697' title='bbox 922 5276 1048 5343; x_wconf 77' lang='lat' dir='ltr'><strong>pereant.</strong></span> <span class='ocrx_word' id='word_1_698' title='bbox 1065 5271 1164 5327; x_wconf 85' lang='lat' dir='ltr'><strong>Setius</strong></span> <span class='ocrx_word' id='word_1_699' title='bbox 1177 5274 1223 5327; x_wconf 88' lang='lat' dir='ltr'><strong>est</strong></span> <span class='ocrx_word' id='word_1_700' title='bbox 1237 5270 1327 5340; x_wconf 87' lang='lat' dir='ltr'><strong>enim,</strong></span> <span class='ocrx_word' id='word_1_701' title='bbox 1344 5270 1376 5324; x_wconf 85' lang='lat' dir='ltr'><strong>ut</strong></span> <span class='ocrx_word' id='word_1_702' title='bbox 1389 5267 1459 5323; x_wconf 88' lang='lat' dir='ltr'><strong>meli</strong></span> <span class='ocrx_word' id='word_1_703' title='bbox 1475 5267 1566 5324; x_wconf 88' lang='lat' dir='ltr'><strong>meni·</strong></span> 
     </span>
     <span class='ocr_line' id='line_1_57' title="bbox 75 5357 1565 5433; baseline 0.001 -20"><span class='ocrx_word' id='word_1_704' title='bbox 75 5357 185 5425; x_wconf 66' lang='lat' dir='ltr'><strong>liciter</strong></span> <span class='ocrx_word' id='word_1_705' title='bbox 201 5360 268 5413; x_wconf 74' lang='lat' dir='ltr'><strong>tertii</strong></span> <span class='ocrx_word' id='word_1_706' title='bbox 283 5376 392 5425; x_wconf 85' lang='lat' dir='ltr'><strong>ce,nou</strong></span> <span class='ocrx_word' id='word_1_707' title='bbox 409 5361 527 5429; x_wconf 75' lang='lat' dir='ltr'><strong>eliugiet</strong></span> <span class='ocrx_word' id='word_1_708' title='bbox 539 5362 683 5432; x_wconf 74' lang='lat' dir='ltr'><strong>judii-ium</strong></span> <span class='ocrx_word' id='word_1_709' title='bbox 741 5364 812 5418; x_wconf 82' lang='lat' dir='ltr'><strong>leste</strong></span> <span class='ocrx_word' id='word_1_710' title='bbox 830 5361 1115 5433; x_wconf 79' lang='lat' dir='ltr'><strong>r=rtrriguultrr,‹ptnrrr</strong></span> <span class='ocrx_word' id='word_1_711' title='bbox 1130 5357 1329 5432; x_wconf 84' lang='lat' dir='ltr'><strong>proillieboni</strong></span> <span class='ocrx_word' id='word_1_712' title='bbox 1343 5357 1565 5429; x_wconf 71' lang='lat' dir='ltr'><strong>perecutores</strong></span> 
     </span>
     <span class='ocr_line' id='line_1_58' title="bbox 75 5445 1565 5521; baseline 0.001 -20"><span class='ocrx_word' id='word_1_713' title='bbox 75 5447 125 5502; x_wconf 89' lang='lat' dir='ltr'><strong>dm</strong></span> <span class='ocrx_word' id='word_1_714' title='bbox 137 5448 327 5518; x_wconf 79' lang='lat' dir='ltr'><strong>judicaturus</strong></span> <span class='ocrx_word' id='word_1_715' title='bbox 346 5454 401 5513; x_wconf 85' lang='lat' dir='ltr'><strong>est,</strong></span> <span class='ocrx_word' id='word_1_716' title='bbox 415 5449 491 5521; x_wconf 88' lang='lat' dir='ltr'><strong>epud</strong></span> <span class='ocrx_word' id='word_1_717' title='bbox 509 5468 595 5520; x_wconf 76' lang='lat' dir='ltr'><strong>quem</strong></span> <span class='ocrx_word' id='word_1_718' title='bbox 610 5452 684 5507; x_wconf 88' lang='lat' dir='ltr'><strong>udu·</strong></span> <span class='ocrx_word' id='word_1_719' title='bbox 739 5451 876 5506; x_wconf 81' lang='lat' dir='ltr'><strong>velumus</strong></span> <span class='ocrx_word' id='word_1_720' title='bbox 886 5468 936 5505; x_wconf 88' lang='lat' dir='ltr'><strong>vos</strong></span> <span class='ocrx_word' id='word_1_721' title='bbox 947 5466 1049 5505; x_wconf 85' lang='lat' dir='ltr'><strong>onrnes</strong></span> <span class='ocrx_word' id='word_1_722' title='bbox 1061 5450 1089 5504; x_wconf 94' lang='lat' dir='ltr'><strong>in</strong></span> <span class='ocrx_word' id='word_1_723' title='bbox 1100 5445 1565 5519; x_wconf 86' lang='lat' dir='ltr'><strong>unumconvenireepiscepos‚ut</strong></span> 
     </span>
     <span class='ocr_line' id='line_1_59' title="bbox 77 5534 1565 5608; baseline 0.002 -19"><span class='ocrx_word' id='word_1_724' title='bbox 77 5536 110 5589; x_wconf 80' lang='lat' dir='ltr'><strong>&#39;et</strong></span> <span class='ocrx_word' id='word_1_725' title='bbox 136 5550 327 5605; x_wconf 77' lang='lat' dir='ltr'><strong>personarum</strong></span> <span class='ocrx_word' id='word_1_726' title='bbox 357 5537 486 5607; x_wconf 78' lang='lat' dir='ltr'><strong>acceptio</strong></span> <span class='ocrx_word' id='word_1_727' title='bbox 505 5539 591 5607; x_wconf 79' lang='lat' dir='ltr'><strong>(llere.</strong></span> <span class='ocrx_word' id='word_1_728' title='bbox 609 5544 651 5608; x_wconf 90' lang='lat' dir='ltr'><strong>u).</strong></span> <span class='ocrx_word' id='word_1_729' title='bbox 668 5564 682 5590; x_wconf 75' lang='grc' dir='ltr'><strong>»ι</strong></span> <span class='ocrx_word' id='word_1_730' title='bbox 739 5541 774 5596; x_wconf 91' lang='lat' dir='ltr'><strong>de</strong></span> <span class='ocrx_word' id='word_1_731' title='bbox 785 5537 1092 5595; x_wconf 87' lang='lat' dir='ltr'><strong>incidentibusceusis</strong></span> <span class='ocrx_word' id='word_1_732' title='bbox 1103 5534 1517 5605; x_wconf 78' lang='lat' dir='ltr'><strong>llutdisecptetie,etsalebris</strong></span> <span class='ocrx_word' id='word_1_733' title='bbox 1528 5536 1565 5592; x_wconf 89' lang='lat' dir='ltr'><strong>de</strong></span> 
     </span>
     <span class='ocr_line' id='line_1_60' title="bbox 75 5622 1563 5699; baseline 0.004 -20"><span class='ocrx_word' id='word_1_734' title='bbox 75 5626 135 5679; x_wconf 82' lang='lat' dir='ltr'><strong>te&#39;m</strong></span> <span class='ocrx_word' id='word_1_735' title='bbox 149 5622 321 5693; x_wconf 78' lang='lat' dir='ltr'><strong>hujusmodi</strong></span> <span class='ocrx_word' id='word_1_736' title='bbox 346 5623 511 5695; x_wconf 88' lang='lat' dir='ltr'><strong>perieulum</strong></span> <span class='ocrx_word' id='word_1_737' title='bbox 536 5627 684 5687; x_wconf 70' lang='lat' dir='ltr'><strong>devitandi</strong></span> <span class='ocrx_word' id='word_1_738' title='bbox 738 5628 937 5689; x_wconf 67' lang='lat' dir='ltr'><strong>ecelesiastica</strong></span> <span class='ocrx_word' id='word_1_739' title='bbox 956 5625 1158 5683; x_wconf 69' lang='lat' dir='ltr'><strong>observatione</strong></span> <span class='ocrx_word' id='word_1_740' title='bbox 1179 5622 1474 5699; x_wconf 72' lang='lat' dir='ltr'><strong>eeltstlnquttenus,</strong></span> <span class='ocrx_word' id='word_1_741' title='bbox 1491 5624 1563 5687; x_wconf 76' lang='lat' dir='ltr'><strong>dum</strong></span> 
     </span>
    </p>
   </div>
   <div class='ocr_carea' id='block_1_4' title="bbox 0 0 1914 6098">
    <p class='ocr_par' dir='ltr' id='par_1_4' title="bbox 0 0 1914 6098">
     <span class='ocr_line' id='line_1_61' title="bbox 0 0 1914 6098; baseline 0 0"><span class='ocrx_word' id='word_1_742' title='bbox 0 0 1914 6098; x_wconf 95' lang='lat' dir='ltr'><strong> </strong></span> 
     </span>
    </p>
   </div>
  </div>
 </body>
</html>
