3810 6098
95 319 152 381 all
568 314 761 379 illucttaut
785 313 1010 378 utiuaausts
1033 315 1332 379 AllCiilEPlSCOl'l
1744 317 1804 381 sta

94 449 199 510 naliter
207 439 918 520 mortunsest.EtsieutApostolusdequibusdam
932 445 961 514 Α
975 447 1162 514 studuerunt,
1179 447 1236 521 ipsi
1251 465 1292 514 se,
1310 448 1387 505 sieut
1400 447 1430 506 in
1454 449 1591 524 passione
1606 467 1662 507 sua
1686 454 1716 507 et
1740 452 1806 524 pest

93 541 285 597 irreverenter
293 538 578 595 manducantibuset
587 537 756 592 bibentibus
767 534 837 590 dicit
847 553 852 589 :
863 534 923 591 ldco
977 537 1143 608 passionem
1160 555 1245 593 suam
1261 539 1402 608 iecerunt,
1418 537 1540 607 laniunt,
1555 544 1586 596 et
1599 538 1708 596 iactari
1724 542 1805 605 sunt,

91 631 175 688 multi
188 633 220 685 in
234 629 310 686 vote
326 627 453 692 invalidi,
470 635 495 682 ct
511 628 623 700 a‘qreti,
638 633 664 682 ct
681 625 822 681 dormiunt
843 625 924 679 inulti
977 642 995 680 a
1010 626 1209 698 redemptione
1224 627 1374 699 proposito
1393 627 1504 685 alienos
1520 629 1663 685 lecerunt.
1680 629 1716 684 Et
1730 628 1807 684 sicut

94 720 117 792 (l
130 720 191 775 Cor.
203 736 242 785 xi,
258 717 313 790 30).
327 716 400 783 Quia
414 732 480 770 vero
497 715 532 769 de
547 731 658 770 manna
672 732 705 769 ex
720 714 815 768 uerbis
830 708 923 767 saneti
978 731 1056 769 nune
1067 713 1161 786 ipsius
1172 715 1269 786 passio
1281 714 1339 770 illis
1352 732 1408 773 non
1420 717 1549 789 prodest,
1559 717 1610 773 sed
1620 716 1805 790 injudieium

92 806 249 880 Augustini
263 823 352 877 supra
362 804 557 874 ostendimus,
569 804 605 858 de
616 809 686 876 potu
699 800 835 874 spiritali,
847 801 925 855 unde
978 802 1044 866 erit,
1060 803 1111 874 qui
1134 802 1163 858 in
1179 801 1351 860 infidelitate
1365 803 1409 860 vel
1432 805 1529 876 pravis
1544 805 1686 877 operibus
1701 806 1738 861 de
1752 805 1805 862 isto

19 926 26 939 ·
92 894 250 968 Apostolus
261 894 334 949 dixit
346 910 352 948 :
366 895 396 947 Et
409 908 501 948 cornea
520 891 644 947 cuocdcrn
662 899 755 963 petunt
773 890 926 961 spiritalem
979 890 1086 946 saecule
1096 897 1202 947 exeunt
1213 909 1220 945 ε
1232 892 1275 946 sic
1285 895 1313 947 et
1328 909 1381 948 nee
1396 892 1455 948 illis
1470 892 1591 964 profuit,
1607 893 1669 949 imo
1684 893 1715 949 in
1726 895 1805 964 J'udi·

95 984 254 1052 liberanto
265 983 325 1038 Cor.
338 1001 365 1048 x,
378 983 416 1049 l),
427 981 524 1036 verbis
539 980 631 1036 sancti
643 978 789 1035 Ambrosii
802 995 837 1035 ex
850 978 925 1034 libre
979 980 1057 1036 eium
1075 979 1154 1034 illius
1178 980 1275 1052 passio
1298 981 1419 1046 exstitit,
1435 986 1541 1049 exstat,
1556 986 1647 1054 etque
1670 982 1805 1050 exstabit,

94 1074 130 1129 de
155 1071 354 1128 Sacramentis
376 1069 509 1125 dicamus
530 1073 601 1140 (cop.
619 1068 644 1139 l)
672 1085 679 1123 :
709 1090 722 1118 a
742 1067 816 1123 Cum
831 1067 926 1126 sitiret
979 1068 1191 1141 quiperillam
1208 1070 1311 1125 redimi
1335 1074 1469 1142 poterant
1492 1071 1517 1127 si
1540 1069 1806 1138 voluissent,sieut

95 1159 222 1234 populus
245 1160 426 1223 iudeorum,
444 1162 472 1212 et
497 1160 697 1223 murmuraret
711 1157 789 1227 qued
816 1171 924 1227 aquam
979 1159 1121 1231 redempti
1137 1163 1207 1215 sunt
1221 1158 1271 1231 qui
1287 1159 1317 1214 in
1333 1157 1416 1214 illum
1431 1164 1589 1216 venturum
1607 1161 1806 1227 crediderunt,

95 1249 226 1305 invenire
241 1265 300 1304 non
316 1251 425 1320 posset,
437 1245 528 1317 jussit
542 1244 621 1300 Deus
636 1244 727 1317 ltleysi
743 1249 777 1300 nt
791 1248 925 1317 tangeret
980 1253 1008 1305 et
1022 1248 1086 1319 ejus
1102 1248 1239 1321 passione
1253 1247 1358 1304 salvari
1381 1251 1561 1304 meruerunt.
1578 1248 1627 1306 Sic
1643 1252 1673 1305 et
1687 1252 1807 1307 muetos

96 1344 209 1412 petram
225 1338 261 1394 de
275 1337 365 1409 virga.
380 1335 490 1407 Tetigit
516 1338 641 1406 petram,
658 1340 687 1389 et
710 1338 793 1406 petra
816 1334 925 1389 undam
978 1337 1172 1407 Augustinus,
1188 1341 1222 1392 ut
1236 1335 1443 1408 premisimus,
1455 1335 1492 1391 de
1505 1335 1553 1391 bis
1568 1335 1620 1408 qui
1634 1352 1749 1393 manna
1760 1354 1810 1394 eo·

96 1427 255 1485 maximam
267 1425 352 1493 ludit,
365 1421 608 1495 sicutApestelos
620 1422 678 1478 ait:
693 1423 927 1479 Dibeliontoutem
980 1425 1132 1482 moderant
1146 1425 1216 1480 dicit
1232 1441 1239 1480 :
1256 1425 1507 1481 blanduearerunt
1526 1425 1643 1498 Moyses
1657 1430 1688 1482 et
1702 1426 1811 1494 Aaron,

98 1516 131 1572 dc
146 1516 319 1588 consequenti
331 1522 419 1586 patre,
433 1520 511 1584 petro
530 1519 621 1567 auum
635 1519 695 1567 eret
713 1511 846 1568 Christus.
863 1512 926 1567 Non
980 1517 1009 1570 et
1023 1513 1117 1570 caeteri
1137 1513 1231 1570 sanati
1246 1513 1296 1585 qui
1322 1514 1441 1570 inerunt
1464 1512 1495 1570 in
1519 1513 1642 1586 populo,
1657 1519 1815 1573 mennaei:

97 1603 259 1660 immobilis
275 1605 367 1675 petra,
384 1618 448 1674 qua
470 1600 612 1673 populum
636 1600 834 1671 sequebatur:
852 1606 880 1655 et
893 1604 925 1655 tu
981 1620 1037 1658 non
1053 1609 1123 1658 sunt
1137 1603 1255 1667 mortui,
1273 1603 1343 1674 quia
1357 1601 1529 1673 spiritaliter
1541 1602 1693 1660 visibilem
1710 1603 1810 1663 cibum

94 1695 218 1760 bibant
232 1692 405 1749 tstristus
420 1690 638 1762 sequeremur
653 1693 775 1745 sanctus
791 1688 927 1763 Augusti·
980 1691 1194 1758 intellexerunt,
1211 1689 1382 1763 spiritaliter
1405 1691 1586 1759 esurierunt;
1607 1691 1661 1748 elii
1684 1693 1809 1749 mandu-

94 1801 150 1840 nus
162 1781 339 1854 inlixposito
349 1778 497 1852 Evangelii
507 1777 641 1845 ioannis,
654 1777 742 1851 paulo
754 1781 822 1834 ante
832 1777 925 1834 dixit:
981 1785 1119 1836 caverunt
1133 1785 1163 1835 et
1184 1784 1410 1852 permanserunt
1424 1779 1454 1835 in
1469 1779 1655 1852 infidelitate,
1671 1798 1706 1838 ee
1730 1798 1804 1839 mor

95 1873 156 1928 Nisi
168 1869 400 1926 manducaertur
414 1883 526 1922 corano
544 1868 600 1938 filii
614 1866 743 1934 beminis,
757 1875 783 1922 ct
801 1865 924 1923 biberitis
980 1869 1021 1925 tui
1038 1873 1118 1937 sunt,
1135 1886 1191 1924 non
1209 1868 1304 1923 solum
1325 1873 1418 1924 morte
1432 1867 1586 1940 corporali,
1603 1871 1804 1930 verumetiam

95 1962 155 2033 ejus
173 1959 349 2028 sanquinem,
364 1972 420 2011 non
441 1955 574 2010 habebitis
589 1956 674 2010 vitam
696 1957 728 2010 in
746 1955 821 2011 uobis
837 1955 924 2026 (loen.
981 1962 1074 2015 morta
1089 1958 1224 2031 spiritali.
1241 1959 1289 2014 Sic
1314 1962 1342 2013 et
1360 1959 1396 2014 de
1419 1957 1644 2030 baptismoque
1671 1959 1804 2031 baptisati

94 2045 347 2119 v1,5l)‚etmede
368 2042 439 2097 dicit
456 2059 463 2097 :
480 2042 549 2098 Coro
568 2059 624 2098 non
646 2041 755 2114 prodest
778 2043 927 2115 quidquam
980 2052 1051 2104 sunt
1077 2052 1193 2103 constat
1221 2047 1326 2102 debere
1353 2045 1488 2120 intelligi,
1518 2050 1549 2102 et
1576 2062 1612 2103 ex
1641 2046 1803 2105 testimonio

95 2132 295 2209 (ibid.,63),id
306 2135 362 2199 est,
372 2131 396 2187 si
409 2130 565 2186 carnaliter
574 2130 663 2186 vultis
675 2128 927 2199 intelligentiun-
980 2135 1056 2192 beati
1072 2135 1146 2191 Petri
1169 2153 1203 2190 ex
1227 2136 1304 2192 248
1328 2151 1395 2192 arca
1408 2137 1438 2191 et
1459 2135 1569 2191 diluvio
1593 2153 1689 2208 supra
1712 2141 1801 2195 esua·

96 2225 173 2282 cirea
188 2222 218 2278 in
229 2220 325 2277 Veteri
339 2221 528 2275 Testamenta
545 2217 693 2290 spiritales
704 2217 874 2291 spiritaliter
885 2218 928 2275 in·
980 2224 1089 2280 dimus.
1106 2225 1188 2280 Nunc
1217 2224 1288 2296 quia
1315 2225 1505 2281 manifestum
1532 2228 1587 2291 est,
1612 2224 1703 2281 nobis
1729 2240 1802 2283 men·

95 2312 261 2385 telligentes
278 2307 439 2380 spiritalem
458 2311 560 2378 potum
572 2307 720 2373 biberunt,
732 2312 760 2362 et
772 2323 788 2361 a
799 2307 927 2379 peccatis
981 2315 1093 2370 dociter
1114 2313 1205 2368 luisse
1229 2312 1434 2381 calumniatos,
1451 2312 1522 2386 quia
1543 2312 1711 2371 dixerimus
1729 2313 1803 2386 quot

96 2419 130 2460 ae
144 2399 238 2475 poenis
254 2396 357 2454 salvati
374 2401 452 2462 sunt,
466 2397 557 2452 donee
570 2396 651 2451 venit
662 2394 712 2451 ille
725 2412 811 2452 verus
826 2397 927 2469 Agnus
982 2420 1040 2458 non
1063 2401 1201 2468 diximus,
1219 2419 1271 2475 pre
1295 2401 1354 2458 illis
1376 2400 1477 2474 impiis
1501 2400 1664 2458 Dominum
1688 2417 1802 2475 pomum

97 2492 147 2565 qui
165 2489 241 2546 tollit
252 2486 495 2561 peecatamundi,
506 2485 536 2540 in
548 2487 634 2558 eujus
646 2486 751 2557 figura,
763 2485 928 2557 perimine·
982 2491 1082 2558 luisse,
1099 2491 1148 2562 qui
1165 2509 1182 2546 a
1202 2491 1304 2546 mundi
1330 2489 1447 2547 exordio
1461 2506 1555 2562 usque
1578 2489 1616 2545 ad
1643 2491 1802 2563 passionen

97 2580 238 2638 lationem
254 2575 321 2649 agni
339 2574 454 2630 Paschae
467 2575 584 2640 veteris,
595 2575 630 2630 de
641 2575 774 2648 AEgyptia
789 2575 928 2633 servitute
981 2578 1097 2636 Domini
1109 2579 1138 2635 in
1150 2596 1205 2635 sua
1215 2578 1365 2650 impietate
1374 2577 1611 2649 mortui‚aterna
1622 2578 1802 2637 damnatione

98 2666 241 2740 redempti
256 2669 335 2722 sunt.
345 2666 435 2736 Cujus
450 2663 604 2737 sanguine,
614 2662 690 2719 sieut
703 2662 800 2719 verbis
810 2668 928 2720 sancto·
983 2669 1076 2743 puniti
1089 2674 1168 2731 sunt,
1178 2668 1262 2740 quasi
1274 2667 1315 2723 illi
1326 2664 1468 2739 redempti
1479 2666 1538 2722 sint
1550 2666 1710 2741 sanguinis
1719 2666 1802 2740 ipsiu

101 2775 168 2815 rum
179 2754 336 2830 Augustini
353 2755 426 2811 m
446 2757 532 2826 atque
542 2752 687 2809 Ambrosii
699 2769 789 2825 supra
799 2752 929 2809 ostendi·
982 2757 1132 2814 allusione.
1149 2757 1206 2812 Sed
1222 2755 1264 2812 sie
1282 2755 1411 2811 diximus
1426 2755 1564 2812 omnibus
1587 2760 1724 2828 paratam
1747 2768 1800 2813 esu

101 2864 179 2915 mus,
192 2849 221 2902 et
236 2843 324 2917 primi
339 2843 474 2898 hemines
494 2841 636 2912 redempti
652 2846 731 2906 sunl,
743 2845 772 2897 et
790 2842 929 2898 omnibus
983 2844 1119 2905 salutem,
1130 2843 1179 2915 qui
1196 2848 1262 2899 ante
1275 2843 1508 2899 incarnationem
1521 2841 1602 2898 illius
1615 2843 1747 2909 fuerunt,
1758 2842 1800 2901 sit·

99 2934 310 2993 incarnationis
326 2949 360 2989 aa
375 2930 521 3004 passionis
537 2931 602 3003 ejus
623 2931 795 3003 mysterium
812 2931 930 2987 ereden-
983 2938 1016 2989 ut
1030 2939 1058 2989 et
1080 2933 1126 2988 his
1142 2932 1191 3005 qui
1214 2936 1281 3004 pest
1303 2931 1470 3003 passionem
1494 2931 1574 2988 illius
1598 2932 1663 2987 nati
1688 2935 1799 3000 santet

99 3026 179 3083 tibus
188 3023 315 3080 coelestis
326 3023 405 3094 regni
414 3021 539 3092 januam
552 3019 821 3091 patefecitcredere
831 3024 929 3075 autem
985 3021 1125 3079 nascituri
1140 3025 1227 3077 sunt:
1239 3025 1353 3076 tantum
1378 3025 1411 3075 ut
1434 3021 1556 3076 credant
1565 3037 1600 3077 ea
1610 3021 1671 3076 ilde
1683 3037 1748 3094 qus
1759 3035 1798 3094 per

99 3113 278 3181 nolentibus,
288 3115 317 3167 et
328 3109 484 3167 carnaliter
495 3108 726 3180 intelligentibus
738 3112 827 3179 atque
836 3109 931 3164 viven·
984 3112 1170 3167 dilectionem
1180 3114 1327 3182 operatur,
1337 3110 1414 3165 sieut
1422 3109 1611 3166 crediderunt
1622 3108 1667 3164 illi
1679 3109 1729 3181 qui
1740 3105 1799 3167 salii

97 3203 188 3267 tibus,
200 3206 229 3257 et
244 3199 416 3254 infidelitate
432 3201 520 3269 atque
542 3197 697 3268 iniquitate
717 3197 927 3268 perseveranti·
943 3183 965 3252 C
981 3199 1048 3255 laeti
1065 3203 1144 3265 sunt,
1156 3202 1184 3253 et
1199 3198 1249 3270 qui
1270 3214 1347 3252 nune
1369 3196 1531 3266 salvuntur,
1549 3196 1661 3270 quique
1680 3193 1798 3254 salvandi

99 3291 164 3357 bus,
177 3293 206 3345 et
217 3285 358 3359 spiritalis
369 3285 417 3341 ille
429 3286 513 3341 cibus
523 3303 556 3341 ac
568 3291 664 3356 petus,
676 3289 704 3340 et
713 3285 772 3340 veri
785 3285 850 3356 ugni
863 3304 928 3342 san·
982 3293 1061 3344 sunt.
1078 3289 1114 3343 at
1128 3287 1206 3342 sieut
1224 3285 1327 3341 salvati
1351 3290 1420 3342 sunt
1443 3286 1480 3342 ab
1495 3284 1634 3358 originali
1661 3289 1798 3359 peccatos

98 3378 177 3452 guis,
190 3376 221 3431 in
233 3374 380 3447 judicium
406 3373 605 3428 damnationis
629 3377 691 3429 est:
708 3372 784 3429 sicut
810 3378 837 3428 et
862 3378 928 3445 pest
981 3376 1085 3432 mundi
1096 3374 1211 3431 exordio
1222 3391 1316 3446 usque
1331 3376 1367 3430 ad
1382 3375 1598 3447 temporadatae
1614 3374 1799 3433 circumcisio

100 3465 266 3539 passionem
283 3461 364 3517 illius
379 3479 436 3516 non
453 3462 649 3526 credentibus,
660 3460 703 3517 vel
720 3461 751 3517 in
766 3456 925 3532 J'udieium,
981 3465 1038 3532 nis,
1049 3463 1092 3520 vel
1107 3468 1172 3536 pest
1186 3465 1283 3519 datam
1301 3463 1564 3528 circumsisionem,
1581 3463 1618 3521 de
1633 3462 1701 3521 aliis
1717 3463 1799 3520 notio·

99 3558 131 3610 ut
141 3551 297 3626 Apostolus
309 3550 390 3618 dicit,
402 3551 437 3606 ad
454 3550 508 3605 hee
519 3567 636 3606 sacrum
649 3549 821 3623 mysterium
832 3551 926 3607 susei-
982 3555 1069 3609 nibus
1085 3552 1134 3625 qui
1146 3553 1203 3607 Dee
1218 3550 1402 3623 placuerunt,
1413 3550 1457 3608 vel
1472 3550 1638 3608 hostiarum
1654 3549 1798 3608 oblationi·

98 3641 237 3716 piendum
250 3638 501 3702 eonvenientibus‚
513 3639 636 3695 existere
647 3639 787 3695 nescitur.
800 3641 836 3695 et
850 3639 928 3696 sieut
982 3644 1047 3709 bus,
1063 3641 1106 3698 vel
1123 3646 1199 3697 certe
1221 3640 1283 3697 sela
1307 3641 1373 3697 lldei
1398 3641 1515 3711 virtute,
1531 3657 1603 3696 suas
1629 3654 1799 3712 suorumque

99 3737 219 3788 sanctus
237 3728 394 3802 Gregorius
417 3728 453 3783 de
478 3727 652 3782 Sanctorum
679 3728 925 3799 persecutoribus,
980 3732 1094 3788 animas
1105 3729 1232 3786 Creatori
1243 3731 1493 3785 commendantes.
1504 3728 1588 3785 Sicut
1598 3729 1691 3786 etiarn
1703 3729 1739 3785 ab
1749 3725 1798 3787 ori·

98 3821 177 3893 qued
192 3824 220 3876 et
231 3834 312 3890 eque
322 3817 351 3871 in
366 3817 487 3887 reproba
498 3817 557 3872 vita
568 3817 738 3873 finientibus
749 3817 834 3873 debet
845 3818 928 3874 intel·
980 3818 1087 3892 ginalis
1101 3820 1211 3890 qreecati
1226 3817 1355 3884 vulnere,
1368 3824 1434 3890 post
1448 3821 1580 3890 tempera
1590 3819 1668 3874 datae
1684 3818 1799 3874 eircum-

98 3906 160 3979 ligi,
171 3907 202 3962 in
216 3903 338 3962 bomilia
352 3903 504 3976 trigesima
514 3911 614 3959 octava
624 3904 695 3960 dicit
706 3921 731 3959 t«
744 3903 816 3969 Quia
827 3921 879 3960 nec
889 3905 926 3961 ad
980 3907 1110 3974 cisionis,
1127 3908 1156 3963 hi
1174 3907 1222 3979 qui
1238 3906 1467 3963 circumcidendi
1482 3911 1566 3963 arant
1585 3907 1751 3964 seeundum
1764 3904 1799 3963 ia·

98 3993 272 4052 memoriam
290 3997 418 4049 nestram
434 3991 477 4048 vel
494 3993 523 4047 in
540 3997 723 4048 mertuorum
739 4010 861 4049 numere
876 4011 925 4050 re·
980 4014 1058 4070 gem,
1073 3995 1295 4052 eireumeisiene
1311 3995 1465 4067 purificati,
1482 3999 1512 4051 et
1524 4012 1577 4068 per
1592 3995 1682 4051 fidem
1698 3994 1799 4051 media·

99 4083 212 4140 aiunt.»
222 4083 303 4140 itaet
313 4081 355 4137 illi
367 4080 515 4154 spiritales
526 4079 578 4136 viri
591 4079 620 4135 in
631 4082 819 4136 Testamento
830 4081 925 4137 Veteri
980 4086 1052 4141 teris
1067 4089 1137 4140 tune
1159 4083 1283 4148 venturi,
1301 4100 1378 4138 nuuc
1394 4085 1457 4154 jani
1473 4101 1491 4139 a
1506 4082 1646 4140 fidelibus
1666 4080 1799 4156 suseepti,

21 4230 26 4241 ,
99 4175 134 4231 dc
158 4171 290 4247 reprobis
315 4171 394 4226 illius
419 4169 559 4242 temporis
590 4168 717 4229 sensisse
746 4170 923 4225 creduntur:
980 4173 1080 4229 salvati
1098 4177 1176 4228 sunt.
1189 4170 1802 4244 llt‹qiiiaistorumcapitulorumoonjeoter

97 4257 926 4336 quantomagisneshoesentireistecontradictornoster
979 4260 1181 4318 testiinonium
1196 4257 1395 4331 ‚apostolicum
1420 4258 1528 4331 posuit,
1545 4275 1603 4330 que
1624 4259 1704 4315 sieut
1723 4258 1806 4317 nobis

97 4352 213 4408 eredere
224 4347 432 4420 debuerat,qui
450 4346 566 4402 Domini
578 4345 837 4418 apostolorumque
848 4346 922 4417 ejus,
978 4351 1093 4406 videtur
1109 4350 1310 4404 demonstrare
1324 4347 1424 4413 veluit,
1439 4347 1508 4420 quia
1524 4362 1582 4402 non
1598 4362 1652 4419 pro
1667 4347 1803 4409 oninibus

98 4455 131 4494 sc
140 4437 352 4494 catholicorum
363 4435 571 4511 magistrorum
580 4434 714 4490 doctrina
725 4433 926 4490 manifestissi-
979 4440 1018 4495 Ch
1024 4439 1112 4495 sistus
1127 4454 1233 4510 passus
1244 4437 1292 4504 sit,
1305 4436 1373 4491 lieet
1384 4453 1441 4491 nen
1450 4452 1563 4500 omnes,
1580 4434 1658 4491 sieut
1669 4453 1725 4493 nes
1734 4433 1804 4493 seri·

98 4541 145 4580 me
157 4523 292 4590 revelata,
305 4526 511 4593 cognoscimus
522 4541 586 4596 que
602 4522 661 4578 illis
677 4522 706 4578 in
722 4522 817 4595 ligura
831 4521 924 4579 velate
939 4548 962 4613 D
978 4528 1103 4600 psimus,
1120 4525 1266 4598 passionis
1286 4526 1351 4596 ejus
1376 4524 1514 4598 mysterio
1539 4522 1737 4590 redimantur,
1760 4540 1804 4581 re-

98 4612 235 4685 mysterio
252 4616 284 4666 ut
298 4611 370 4667 areu
384 4613 550 4684 Apostolus,
563 4612 757 4684 contigerunt.
978 4616 1088 4689 dernpe
1102 4633 1135 4671 ae
1151 4614 1312 4671 reclinandi
1328 4613 1395 4680 sini,
1408 4612 1539 4670 scribens
1550 4612 1686 4679 carneus,
1699 4612 1810 4686 inquit,

381 4734 498 4789 CAPUT
517 4735 637 4790 XXXIII·
976 4706 1059 4762 sainct
1074 4705 1178 4761 elutus
1193 4712 1232 4759 est
1251 4703 1286 4757 ad
1309 4703 1460 4759 rnolwrnm
1481 4701 1675 4758 cxlrouricnda
1697 4709 1808 4774 promto

96 4823 135 4876 Ab
149 4797 208 4874 iiiuc
225 4822 340 4885 aequitio·
361 4820 472 4885 qualiter·
495 4820 584 4870 (locent
606 4824 751 4870 scincturam
777 4822 923 4885 Scriptura·
976 4795 1191 4864 (Hebr.1x,28);
1207 4797 1236 4847 ei
1251 4792 1377 4847 d⁰m¹¹⁰³
1398 4789 1574 4847 Pmdenfiu⁸
1589 4807 1624 4845 (Ἢ
1638 4789 1806 4864 Ενᾶῃῧθῆὓν

127 4912 185 4945 rum
214 4891 511 4943 auctoriate-caracter·
536 4893 586 4940 oiri
611 4892 769 4955 generaliter
791 4893 920 4942 Clun'sluni
977 4889 1005 4941 el
1020 4884 1085 4940 aliis
1100 4882 1258 4954 scripturis
1280 4881 1401 4948 sanetis,
1419 4881 1456 4936 ud
1478 4878 1554 4935 hane
1569 4879 1806 4937 confirmandum

128 4969 207 5033 slim
218 4979 323 5030 dmum
334 4978 384 5027 pro
399 4960 527 5011 ‘’mm'‘stw·
976 4973 1168 5029 assertionem
1184 4970 1269 5042 plura
1293 4970 1376 5041 penit
1400 4966 1542 5041 exempla,
1558 4966 1690 5040 dicitque
1706 4968 1736 5024 in
1750 4983 1805 5025 eu·

131 5074 227 5131 Claret
242 5088 276 5127 ex
290 5070 336 5128 his
352 5087 442 5140 supra
462 5068 566 5141 positis
587 5068 774 5132 testimoniis,
791 5067 860 5139 quie
875 5086 921 5123 re·
975 5079 1028 5135 pra
1043 5065 1204 5115 meniorata
1220 5057 1344 5130 epistola
1358 5059 1452 5130 eapite
1467 5054 1806 5115 recitandumque

96 5162 226 5235 demptio
237 5160 414 5233 captivitatis
426 5155 714 5222 liutrianm‚Cl11·istus
724 5156 820 5223 iesus,
831 5157 921 5211 emni-
976 5153 1158 5213 cantitentur,
1175 5146 1285 5203 scilieet
1306 5147 1497 5213 ordinandus,
1515 5162 1583 5201 cuni
1598 5144 1740 5201 omnibus
1754 5159 1806 5203 οιε

96 5252 151 5307 bus
167 5255 234 5307 ante
249 5248 478 5305 incarnationem
491 5250 520 5301 et
530 5245 696 5317 passionem
709 5244 787 5298 illius
799 5249 922 5300 ventura
976 5237 1101 5301 thelieis,
1114 5237 1288 5308 sanguinein
1304 5235 1418 5291 Domini
1436 5232 1528 5291 nestri
1541 5234 1611 5290 iesu
1626 5232 1736 5288 Christi
1752 5248 1808 5306 pro

96 5345 167 5404 erat,
183 5344 211 5395 et
227 5339 395 5411 qiriennque
418 5336 534 5390 ornatore
549 5332 755 5399 valueruntne
770 5333 836 5388 fidoi
853 5350 905 5388 eon
976 5327 1114 5383 omnibns
1130 5324 1298 5379 horninibus
1314 5329 1417 5378 estote
1429 5323 1539 5378 munde
1553 5321 1583 5376 in
1599 5337 1669 5375 eum
1682 5321 1807 5378 ereden-

96 5419 920 5498 gruisoperibusuiverestuduerunt,pei·1.iassionisejus
975 5416 1055 5471 tibus
1071 5416 1189 5468 iusum:
1207 5430 1263 5466 narn
1280 5417 1378 5467 autem
1393 5429 1445 5483 pro
1461 5411 1519 5466 illis
1535 5409 1584 5482 qui
1602 5425 1758 5480 nunquam
1773 5409 1808 5469 in

96 5513 268 5582 mysterium
285 5514 424 5585 redempti
438 5517 525 5583 atique
538 5508 637 5565 salvati
655 5513 724 5563 sunt
736 5525 742 5561 :
755 5508 805 5579 qui
821 5511 919 5562 antem
975 5522 1042 5560 eom
1059 5503 1320 5569 eredide1·unt,neo
1340 5501 1484 5572 hodieque
1501 5499 1634 5566 eredunt,
1648 5513 1806 5569 nunquam

96 5599 213 5656 eredere
223 5596 389 5670 noluerunt,
400 5618 493 5673 neque
503 5600 560 5655 lide
569 5597 667 5670 dignis
679 5596 816 5670 operibus
826 5595 921 5652 vivere
975 5611 1026 5648 nec
1043 5589 1180 5647 credituri
1191 5592 1270 5654 eunt,
1283 5588 1396 5644 dicente
1410 5588 1474 5661 ipso
1487 5587 1624 5656 Domino,
1637 5586 1716 5645 Vena
1726 5589 1807 5651 eninr
