3810 6098
423 312 474 374 DE
496 313 683 377 lllVllll'l'iO
706 315 894 377 tardabit
918 317 967 378 ΕΤ
988 317 1218 379 intentare.
1614 320 1673 383 tte

71 443 131 497 ente
146 439 346 499 immissiones
359 459 410 517 per
422 445 541 517 angelos
557 446 660 516 malos,
673 447 743 503 dicit
758 447 794 503 ed
808 450 836 518 Α
850 449 1106 520 phantasmatibus
1123 449 1286 517 diabolicis,
1299 467 1350 522 per
1363 453 1541 510 exorcismos
1555 457 1583 510 el
1597 453 1673 510 enti-

77 544 103 585 τα
115 529 230 599 Fertur,
243 530 391 603 inquiens,
403 534 550 606 propheta
561 536 689 605 cuidem,
701 540 730 592 et
739 535 797 609 ple·
850 538 919 593 dote
933 536 1077 593 catholica
1092 537 1220 593 restituit
1234 539 1363 594 sanitati.

71 616 187 674 luerunt
207 619 284 692 quod
294 620 389 676 -lsaiae
415 621 444 676 in
467 639 582 680 carcere
606 624 711 697 posito,
727 641 795 681 cnm
885 627 960 682 Sunt
974 630 1003 683 et
1016 625 1074 682 elie
1087 643 1150 700 quie
1167 643 1220 682 nos
1231 626 1368 682 dirimere
1381 644 1414 683 ac
1424 628 1558 699 judicare
1572 647 1673 688 neccs-

71 707 253 764 immineutis
276 713 430 782 urgeretur
444 711 533 778 exitii,
560 713 668 768 dixisse
692 712 795 768 diabo-
850 714 922 771 situs
933 714 1084 787 compulit,
1096 715 1173 772 ese
1184 732 1247 788 quae
1259 720 1378 787 propter
1390 716 1531 772 nefariam
1548 719 1672 791 turpitu-

71 794 148 853 ΟΜ
163 795 215 852 Dic
230 795 369 869 quianon
385 816 402 855 e
417 798 540 855 Domino
555 800 670 856 locutus
684 817 716 856 es
731 818 794 873 que
850 803 949 860 dinem
959 803 1055 860 dicere
1065 801 1205 860 nolumus
1216 819 1223 858 :
1236 807 1264 859 et
1274 807 1343 858 sunt
1353 802 1523 874 hujusmodi
1534 805 1674 862 scelerata

71 889 119 956 ,et
143 886 276 942 omnium
293 887 366 943 inte
387 892 500 944 mentes
525 890 705 962 effectusque
729 907 794 946 mu·
850 896 937 964 atqua
952 890 1125 973 iapinorosa,
1139 907 1203 963 que
1219 890 1296 947 ulad
1314 891 1448 946 notitiam
1464 890 1672 964 malignorum,

849 981 899 1052 qui
923 980 995 1038 torte
1020 996 1055 1037 ee
1081 979 1227 1052 ignorant,
1242 979 1391 1053 pervenire
1411 996 1469 1035 non
1484 978 1609 1049 valeant,
1626 981 1674 1038 hic

71 1063 139 1120 stin
151 1063 289 1136 parochie
300 1066 454 1136 enjusdam
474 1070 606 1122 nostrum
626 1067 704 1139 quod
725 1084 794 1123 nar·
849 1068 974 1124 seribere
987 1069 1217 1140 supersedimus.
1225 1069 1301 1123 Sunt
1312 1071 1451 1140 preterea
1461 1072 1490 1123 et
1499 1072 1560 1124 tem
1572 1069 1674 1125 imme-

81 1151 400 1226 sccideratzquoniam
416 1155 536 1227 quidem
558 1156 665 1213 nobilis
689 1173 794 1229 genere
849 1158 898 1213 nie
919 1156 1070 1213 diabolice
1089 1156 1266 1230 operationis
1295 1159 1429 1229 portenta
1453 1173 1505 1229 per
1528 1158 1673 1231 magicam

71 1256 153 1297 cnon
165 1239 324 1313 ignobilem
341 1243 459 1299 natione
480 1243 619 1300 laminam
635 1245 792 1312 adamavit,
848 1252 941 1303 artem
956 1246 1041 1314 lacte,
1054 1263 1118 1319 que
1135 1246 1170 1301 ed
1198 1261 1251 1301 nas
1272 1249 1516 1317 pervenerunt,ut
1537 1247 1673 1303 credendi

71 1329 274 1403 sperantibus
289 1328 391 1402 puella
407 1330 539 1404 legaliter
551 1336 700 1405 expetens,
716 1333 793 1405 apud
849 1336 969 1392 niodum
997 1335 1146 1391 excedent.
1163 1334 1219 1390 Sed
1237 1351 1294 1390 non
1310 1337 1354 1389 cst
1369 1334 1478 1389 mirum
1502 1334 1527 1391 si
1552 1334 1582 1390 in
1609 1334 1674 1391 istis

71 1435 78 1473 ι
109 1418 212 1492 petitio
236 1419 302 1489 eJ'us
326 1419 554 1492 proei·eluit,sed
579 1420 682 1494 puellas
702 1426 795 1479 mater
848 1422 1030 1497 temporibus
1042 1422 1154 1480 ultimis
1165 1422 1236 1478 talia
1248 1421 1404 1477 Antichisti
1428 1422 1673 1495 adventumprae-

71 1522 101 1563 m
115 1505 286 1580 petitionem
296 1506 474 1566 omnimodis
490 1510 641 1567 refutavit:
654 1515 793 1583 paterve·
847 1512 997 1570 currentia
1012 1510 1142 1578 veniunt,
1150 1509 1248 1584 qualia
1269 1509 1411 1566 Dominus
1426 1513 1455 1566 et
1469 1510 1593 1583 apostoli
1607 1511 1673 1582 ejus

71 1594 100 1651 td
120 1612 186 1650 raro
206 1593 280 1651 solet
295 1596 472 1670 contingere,
485 1599 514 1653 ln
523 1598 643 1670 juvenis
657 1599 793 1671 precibus
847 1605 970 1658 ventura
983 1600 1210 1672 descripserant,
1226 1599 1262 1656 de
1278 1598 1386 1671 quibus
1406 1602 1435 1654 et
1453 1597 1561 1654 Penius
1576 1597 1648 1654 dicit
1664 1617 1670 1655 :

71 1683 124 1740 ado
139 1682 300 1757 prevaluit,
317 1686 368 1757 qui
393 1691 459 1759 post
480 1687 748 1760 desponsationem,
765 1693 794 1745 et
847 1691 916 1746 Nam
930 1691 1093 1762 mysterium
1110 1689 1172 1760 jam
1193 1694 1320 1761 operatur
1343 1688 1501 1760 iniquitatis
1523 1686 1673 1743 seeundum

70 1772 189 1842 italum,
202 1790 235 1829 ac
251 1774 421 1846 nuptiarum
443 1776 652 1847 celebritatem,
665 1776 792 1849 puellam
807 1812 831 1878 B
847 1781 1031 1852 operationem
1055 1779 1166 1834 Satanae
1191 1778 1221 1832 iu
1244 1779 1512 1848 omnipotetem
1532 1777 1632 1845 alpais
1647 1783 1673 1830 et

71 1879 80 1918 ι
102 1862 229 1918 cubiculi
255 1861 455 1931 introducens,
472 1863 552 1919 nullo
576 1865 662 1920 mode
678 1881 745 1921 cnm
760 1882 795 1923 ea
846 1868 982 1941 pradipiis
994 1867 1131 1923 mendacii
1145 1865 1182 1938 (ll
1197 1866 1286 1922 thess.
1301 1883 1332 1934 n,
1342 1866 1384 1937 7);
1402 1869 1431 1919 et
1445 1865 1535 1920 item:
1552 1865 1673 1936 Spiritus

71 1948 294 2006 ubereexmorc
305 1951 574 2022 prevaluit,otcum
586 1951 795 2010 irremediabili
849 1966 940 2013 aalma
953 1958 1098 2029 manifeste
1115 1955 1191 2024 dicit,
1209 1956 1275 2027 quia
1290 1955 1320 2009 iu
1334 1954 1491 2009 uortbsimis
1509 1952 1674 2025 temporibus

71 2037 207 2094 »diesem
223 2038 313 2094 vilem
338 2057 389 2112 per
413 2040 565 2096 biennium
589 2042 793 2111 decorantem
848 2045 972 2104 recedent
999 2044 1111 2118 puidam
1138 2061 1156 2100 a
1183 2043 1252 2116 fide,
1282 2041 1448 2098 corodentes
1475 2043 1590 2114 spiritus
1617 2041 1673 2112 sel·

71 2140 151 2200 pum,
162 2125 231 2199 quia
246 2125 326 2183 aliud
338 2130 400 2200 jam
415 2128 483 2184 iude
498 2129 654 2185 consilium
670 2130 793 2187 inveniri
848 2135 929 2205 laces,
945 2133 1082 2190 doctrinas
1097 2132 1295 2189 armariorum
1311 2131 1334 2202 (l
1350 2132 1417 2186 Tire.
1433 2146 1473 2196 iv,
1490 2130 1526 2202 l).
1543 2129 1609 2185 llaec
1622 2146 1675 2185 au·

71 2214 792 2290 terethiaenecessilatecogenteconcursumest,
847 2229 907 2278 tem
921 2222 1038 2280 vanitas
1052 2221 1235 2294 magicarum
1261 2219 1369 2275 artium
1393 2235 1428 2274 ex
1452 2217 1610 2274 traditione
1624 2220 1673 2274 an'·

71 2302 142 2361 rrbis
157 2304 308 2373 suasoriis,
320 2305 491 2378 peccatoriis
501 2324 535 2363 ac
545 2307 793 2380 minatoriis,qnie
847 2311 979 2384 getarum
1005 2309 1150 2366 melorum
1165 2308 1196 2364 in
1211 2312 1271 2363 tolo
1297 2312 1440 2364 terrarum
1464 2306 1543 2375 orbe,
1555 2310 1673 2363 auclore

71 2392 226 2453 mitteret
254 2393 372 2450 dissolvi
402 2396 583 2468 conjugium,
608 2396 671 2469 ipse
700 2397 792 2469 porri·
845 2397 998 2457 Zoroastr'e
1015 2396 1431 2472 regebeatrianorum,qnem
1446 2395 1671 2451 Ninusrexhs·

71 2480 269 2556 gladiumque
279 2484 371 2554 lieret,
385 2483 409 2540 si
421 2485 506 2540 aliter
516 2484 634 2541 dissolvi
646 2502 703 2541 non
715 2489 792 2558 pole
846 2489 991 2562 syriorum
1013 2486 1112 2561 prelio
1136 2485 1290 2552 interiecit,
1307 2490 1336 2541 ct
1351 2488 1543 2558 pmpegators
1566 2484 1670 2541 Demo·

71 2568 457 2630 micidium.1sdemsutem
472 2572 637 2645 episeopus,
649 2573 725 2629 inter
735 2573 793 2630 elia
845 2577 930 2642 crito,
945 2576 1082 2648 plurimis
1106 2573 1221 2630 seculis
1234 2572 1335 2629 valuit.
1352 2573 1409 2628 Sed
1436 2572 1512 2644 apud
1536 2572 1670 2646 Assyrios

71 2674 121 2717 em
131 2659 167 2716 de
176 2660 287 2717 talibus
296 2661 404 2716 Setaea
413 2662 536 2718 iaciente
547 2679 623 2733 sepe
632 2663 789 2729 cribratus,
845 2665 960 2721 exculte
974 2681 1026 2736 per
1036 2664 1146 2718 multos
1156 2661 1316 2717 diabolicos
1326 2660 1403 2715 viros
1413 2661 1478 2729 luit,
1490 2676 1616 2732 quorum
1628 2660 1670 2715 in-

71 2748 233 2805 nemoriam
250 2751 391 2806 reducens
406 2751 483 2823 quod
499 2750 570 2807 dicit
583 2751 725 2808 [lominus
741 2767 792 2823 per
844 2745 1321 2824 lentumpmd'ieremalesseiornm
1338 2752 1466 2815 artes,ut
1481 2748 1669 2814 eliam,sicut

71 2839 139 2893 mm
155 2853 163 2892 ε
179 2839 246 2893 Filii
267 2839 396 2909 hominis,
410 2839 521 2911 perfode
537 2841 680 2911 parietem,
691 2846 718 2894 et
731 2837 792 2895 aide
844 2858 935 2914 supra
948 2840 1088 2907 diximus,
1100 2837 1192 2911 Moysi
1205 2835 1365 2894 simillimis
1379 2835 1473 2909 signis
1488 2835 1667 2903 resisterent,

71 2926 178 2982 alienes
193 2942 259 2998 quas
277 2929 385 2999 faciunt
404 2930 450 2984 isti
464 2929 518 2983 liic.
535 2929 566 2984 Et
579 2944 641 2983 cum
655 2927 789 3000 perfodis·
843 2934 989 2987 vertentes
1003 2928 1101 3009 virgas
1115 2926 1145 2982 in
1161 2927 1312 2993 dracones,
1327 2941 1434 2996 aquam
1451 2924 1479 2978 in
1494 2923 1668 2996 sanguinem

71 3015 184 3082 nieterm
199 3024 328 3087 apperuit
348 3018 472 3088 [eranceri
487 3017 721 3084 (Eaect.v111),et
745 3033 789 3072 re·
843 3019 940 3089 (deod.
951 3020 1014 3088 vn).
1025 3018 1060 3072 nt
1076 3015 1246 3072 eorumdem
1262 3012 1474 3069 maleficiorum
1490 3028 1550 3067 una
1564 3012 1668 3083 impie-

71 3116 126 3176 psre
142 3102 181 3157 ibi
195 3102 343 3175 leguntur,
355 3104 390 3160 de
410 3102 516 3176 placito
532 3104 568 3159 ed
590 3102 742 3175 placitum,
754 3104 790 3160 de
843 3113 899 3176 tus,
916 3111 948 3162 ut
963 3105 1129 3162 diversitate
1148 3103 1266 3172 artium,
1279 3101 1320 3157 ita
1334 3106 1363 3158 et
1384 3101 1551 3157 diversitate
1573 3099 1667 3156 nomi-

71 3204 125 3248 one
145 3192 180 3247 ad
204 3192 409 3249 diffinitionem
435 3211 486 3265 per
508 3194 674 3265 trequentes
697 3178 825 3249 tractaC
845 3213 916 3252 num
940 3198 1066 3260 constet,
1082 3193 1158 3249 sicut
1185 3197 1215 3247 el
1242 3190 1348 3264 pagani
1374 3190 1517 3256 doctores,
1533 3192 1562 3245 el
1579 3188 1668 3244 etiam

71 3278 188 3347 evitavit,
197 3297 291 3354 usque
302 3282 372 3337 dum
384 3280 728 3354 operationesdiabolica
739 3281 790 3337 Dei
844 3281 1002 3341 Christiani
1012 3283 1151 3337 referunt.
1159 3279 1241 3336 Unde
1254 3279 1339 3355 plura
1349 3278 1526 3346 omittentes,
1534 3277 1668 3349 quaedam

71 3366 222 3425 dissolutos
247 3374 328 3438 sunl,
342 3373 372 3425 el
393 3370 567 3426 concubitus
592 3369 621 3424 in
646 3369 790 3425 ‘interimo
845 3386 1122 3430 commemoramus.
1139 3368 1216 3442 Magi
1232 3373 1312 3436 sunl,
1323 3368 1373 3440 qui
1388 3366 1475 3439 vulgo
1490 3366 1616 3424 malefici
1631 3365 1668 3422 ob

71 3455 129 3514 ⁵51¹st
138 3473 206 3513 lum
218 3457 409 3515 delectatione
422 3458 581 3531 piissimis,
593 3463 622 3513 et
631 3475 699 3514 eum
714 3458 790 3532 lega·
845 3462 1007 3519 facinorum
1029 3457 1262 3531 magnitudinem
1283 3459 1500 3529 nuncupentur.
1517 3454 1552 3511 lli
1566 3458 1595 3512 et
1610 3454 1668 3511 ele-

71 3546 145 3603 t'fiifl
156 3545 359 3619 imPOSSibiliS·
369 3551 435 3619 post
447 3546 649 3618 paenitentiam
659 3551 689 3604 ct
701 3547 791 3603 medi·
845 3543 1596 3617 mentasaneutiunt,turbaulmcntcshominemne
1605 3542 1669 3600 sine

71 3634 313 3704 ecelesiasticam,
318 3635 420 3707 juveni
434 3639 479 3693 est
500 3652 567 3691 crim
588 3651 676 3692 uxore
696 3635 789 3709 possi·
846 3639 905 3696 nlla
920 3637 1022 3695 veneni
1039 3636 1158 3703 haustu,
1169 3633 1307 3691 violentia
1322 3637 1438 3690 tentum
1448 3631 1588 3688 carminis
1598 3631 1669 3688 inte

71 3722 190 3794 additus,
201 3728 240 3794 et,
256 3725 357 3797 iugata
377 3724 444 3781 odio
462 3724 616 3791 diabolica,
627 3725 790 3799 conjugalis
845 3729 967 3784 rimunt.
980 3723 1178 3783 Necromentii
1197 3728 1276 3791 sunt,
1289 3738 1415 3794 quorum
1438 3720 1670 3794 praecantationi-

71 3811 144 3870 inler
157 3814 298 3886 conjuges
322 3814 494 3886 integratus,
512 3830 590 3870 nunc
614 3831 708 3887 usque
721 3830 788 3870 eum
845 3818 901 3872 bus
911 3815 1047 3872 videntur
1056 3811 1221 3870 resuscitati
1232 3810 1340 3867 mortui
1351 3809 1525 3877 divinare,el
1535 3810 1571 3866 ad
1583 3808 1670 3865 inter·

77 3917 185 3959 ‚amore
213 3906 386 3975 perseverat,
404 3905 491 3974 alque
514 3903 661 3975 conjugati
691 3901 790 3959 sobole
845 3910 946 3978 rogata
960 3902 1145 3974 respondere.
1162 3898 1365 3974 Hydromeatii
1381 3897 1522 3971 sunt,qui
1540 3897 1668 3970 ineque

71 4006 122 4048 ase
136 3991 333 4064 congaudent.
844 3991 1024 4066 inspectione
1034 3991 1155 4047 umbras
1166 3991 1333 4045 demonum
1345 3992 1511 4055 evocant,et
1526 3985 1670 4060 imagines

71 4084 150 4137 ascet
164 4079 278 4136 tabulas
293 4080 378 4136 nobis
393 4084 476 4136 netas
496 4080 612 4147 reterre,
624 4084 653 4136 et
668 4079 788 4153 longum
843 4082 888 4139 vel
904 4079 1118 4137 ludificationes
1133 4094 1235 4134 earum
1252 4075 1292 4132 ibi
1302 4075 1409 4143 nidere,
1421 4080 1450 4131 ot
1466 4075 1501 4130 ab
1512 4075 1555 4130 eis
1569 4073 1670 4146 eliqua

71 4164 174 4240 rilegie
184 4172 434 4241 computare,qne
445 4168 662 4240 exhujnsmodi
673 4169 709 4224 de
719 4169 790 4225 ossi·
844 4171 945 4228 audire
961 4185 992 4226 se
1007 4167 1172 4241 perhibent.
1184 4166 1394 4232 lncentetores,
1406 4162 1455 4235 qui
1471 4161 1669 4218 arlemserbis

71 4259 326 4328 crinorum,etqne
336 4256 485 4312 cineribus
499 4256 734 4330 carbonibusque
744 4273 791 4313 cx·
844 4262 998 4334 peragunt.
1012 4255 1114 4323 hrioli,
1126 4253 1177 4327 qui
1202 4253 1279 4310 circa
1293 4268 1359 4308 aras
1376 4250 1522 4308 idolorum
1542 4249 1669 4305 nelarias

71 4344 162 4415 aeide
173 4345 287 4418 capillis
297 4350 384 4417 alque
395 4344 463 4418 pilis
475 4345 606 4402 locorum
615 4346 787 4418 genitalium
844 4365 944 4422 preces
958 4345 1109 4413 emittunt,
1125 4349 1153 4400 et
1166 4344 1283 4399 funesta
1296 4338 1441 4399 sacriilcie
1455 4338 1591 4407 offerunt,
1607 4337 1668 4393 bis·

71 4448 92 4489 u
106 4448 140 4490 ec
156 4432 419 4502 seminarum,cum
434 4433 525 4489 filulis
541 4433 671 4489 colorum
687 4433 787 4490 mulli·
843 4454 900 4511 que
915 4433 1136 4493 celebritatibus
1159 4432 1325 4488 demonum
1345 4444 1486 4500 responsa
1509 4425 1667 4499 accipiunt.

71 4537 97 4591 n,
107 4525 137 4578 et
152 4521 252 4578 herbis
262 4521 361 4590 variis,
373 4538 406 4578 ec
420 4521 555 4578 cocleolis
566 4528 595 4578 et
607 4523 788 4595 serpentium
805 4545 827 4610 ὓ
843 4524 1010 4598 aruspices,
1022 4522 1071 4596 qui
1083 4521 1209 4579 heresin
1223 4518 1345 4592 agendis
1360 4515 1483 4591 negotiis
1493 4519 1522 4572 et
1531 4514 1669 4588 operibus

70 4608 116 4669 ilis
125 4610 299 4683 composite,
312 4627 378 4667 cnm
392 4611 573 4668 carminibus
584 4611 733 4667 incautela
743 4613 789 4669 de·
845 4615 1025 4681 custodiunt,
1037 4612 1087 4684 qui
1101 4615 1168 4666 exte
1187 4608 1332 4683 pecudum
1348 4611 1377 4662 el
1392 4605 1481 4661 libres
1495 4609 1584 4678 atque
1599 4621 1669 4676 epa·

71 4702 118 4755 tes
132 4699 459 4772 comperimus,quibus
476 4699 610 4755 homines
625 4699 749 4769 liberati,
762 4704 791 4756 el
845 4705 933 4773 tulas,
944 4702 988 4760 vel
1000 4705 1103 4757 cetere
1114 4715 1237 4773 queque
1252 4695 1423 4770 inspiciunt,
1433 4698 1462 4751 el
1471 4710 1506 4751 ex
1516 4693 1559 4750 eie
1571 4693 1671 4750 iulura

71 4785 166 4845 ctione
174 4785 372 4843 ecclesiastice
384 4787 530 4854 medicati,
541 4789 636 4860 gmtie
644 4788 790 4861 conjugali
845 4791 1017 4866 predicunt.
1026 4791 1159 4860 Augures
1168 4782 1306 4856 snrrt,qni
1316 4782 1430 4839 volatus
1439 4781 1537 4836 avium
1547 4783 1576 4836 el
1585 4796 1671 4837 voces

71 4874 104 4932 ilo
119 4875 247 4932 naturali
264 4875 410 4948 perfuncti
422 4880 501 4932 sunt.
514 4875 637 4941 Quidem
649 4876 737 4932 etiem
747 4894 792 4933 ve·
846 4880 1011 4946 attendunt,
1023 4893 1149 4949 quorum
1176 4890 1267 4930 unum
1284 4888 1378 4944 genus
1402 4871 1437 4927 ad
1453 4869 1562 4940 oculos,
1579 4868 1670 4924 idest

72 4965 243 5021 carminatis
260 4965 466 5036 induebantur,
478 4963 519 5020 vel
538 4965 789 5037 cooperiebantur,
845 4971 960 5027 volatus
974 4967 1083 5036 evium,
1095 4965 1218 5020 alterum
1235 4963 1271 5018 ad
1287 4978 1384 5030 eures,
1400 4960 1430 5016 id
1444 4964 1488 5016 est
1502 4975 1556 5015 uox
1571 4957 1667 5013 avium

71 5056 110 5122 ln,
121 5053 171 5109 alii
184 5058 282 5109 aulem
294 5053 386 5109 ciboe
402 5053 546 5110 sortiariis
560 5054 731 5120 dementati,
743 5055 791 5110 alii
846 5059 982 5133 pertinet.
996 5056 1070 5111 Sunt
1085 5058 1114 5111 et
1133 5052 1323 5126 pythonissae,
1335 5067 1398 5123 qna
1417 5054 1446 5104 et
1464 5044 1667 5116 ventriloque;

71 5147 161 5199 tntum
174 5142 357 5200 carminibus
372 5161 389 5199 a
404 5143 503 5216 strigis
517 5142 650 5199 lascinali
666 5148 694 5199 ct
704 5144 788 5215 quasi
843 5152 914 5205 sunt
936 5151 965 5202 at
989 5142 1139 5215 astrologi,
1155 5160 1189 5198 eo
1204 5141 1282 5214 quod
1310 5140 1340 5195 in
1366 5137 1452 5194 astris
1476 5136 1666 5208 angerentur.

71 5232 189 5289 seliecti
205 5233 313 5305 reperti
326 5236 395 5289 sunt
407 5249 414 5289 t
426 5233 545 5304 quidem
556 5236 653 5288 eutem
665 5249 682 5287 a
692 5232 789 5289 lamiis
843 5239 919 5292 Sunt
933 5238 962 5290 et
978 5232 1028 5307 qui
1044 5231 1107 5289 dies
1123 5229 1265 5286 natalium
1281 5226 1476 5290 considerant,
1487 5225 1516 5276 et
1528 5219 1579 5292 qui
1595 5217 1670 5274 side-

71 5318 229 5378 nicielibns
245 5321 363 5378 seminis
379 5321 531 5387 debilitati,
548 5321 681 5391 quadam
699 5323 788 5377 etiam
844 5342 910 5381 rum
926 5338 1046 5379 cursum
1069 5321 1099 5376 in
1123 5316 1312 5377 nascentibus
1335 5313 1498 5376 observant,
1513 5307 1565 5381 qui
1580 5305 1669 5378 vulgo

71 5409 223 5467 sebusiis
238 5410 268 5466 in
285 5411 382 5483 specie
396 5410 536 5477 virorum,
549 5426 674 5481 quorum
690 5427 789 5467 amore
843 5411 1044 5471 mathematici
1059 5413 1209 5467 vocentur.
1221 5407 1296 5462 Sunt
1305 5406 1335 5458 et
1344 5397 1507 5469 horoscopi,
1519 5395 1569 5469 qui
1581 5394 1669 5451 horas

72 5499 310 5570 nt,ceucuhitum
322 5497 479 5572 pertulisse
490 5498 611 5554 invente
620 5504 703 5567 sunt,
715 5517 789 5574 quos
844 5501 1005 5560 nativitatis
1013 5499 1203 5573 speculantur
1211 5489 1347 5549 dissimili
1358 5487 1507 5544 etdiverso
1519 5484 1670 5543 letosunt

71 5586 208 5649 ididae
237 5588 378 5665 potentia,
402 5584 578 5664 compressis
607 5593 636 5646 et
665 5589 787 5664 abiectis
842 5598 872 5656 et
887 5589 1028 5669 sortilegi,
1043 5589 1095 5667 qui
1119 5585 1174 5646 sub
1200 5581 1319 5643 nomine
1342 5578 1415 5639 llatae
1439 5574 1670 5657 religionem
