3810 6098
426 384 673 448 axrnaunrro
695 384 734 445 ru
755 382 968 449 nonomen
990 365 1225 450 sanonorus.
1617 385 1679 452 aaa

75 536 107 579 m
121 523 167 578 cst
181 536 232 593 per
252 518 336 575 liberi
356 517 467 575 arbitrii
488 518 715 591 subsequentem
729 517 796 575 obe·
812 516 840 585 A
854 533 959 574 sumus
968 518 1236 592 perabstinentiam
1247 537 1444 595 resurgamus.
1453 522 1676 589 Quaabstinen·

75 626 124 667 aur.
135 609 219 666 Unde
229 612 258 665 et
269 607 534 674 remunerabimur,
545 611 573 662 et
582 605 798 663 misericordius
853 605 895 662 tia
909 611 1004 664 totum
1013 609 1078 664 vita
1089 614 1195 666 nostrie
1206 613 1323 682 tempus
1335 611 1362 665 in
1373 611 1552 668 continentia
1562 629 1579 668 a
1589 611 1676 670 malis

75 698 89 756 ri
105 698 136 755 iu
152 703 293 755 eternum
308 696 505 765 cantabimus,
525 695 723 751 inobedientes
747 712 798 751 au·
853 697 1002 769 operibus,
1012 703 1041 756 et
1064 698 1094 753 in
1109 699 1313 756 exercitatione
1327 699 1467 755 virtutum
1490 716 1555 758 esse
1570 702 1675 758 debere

75 786 153 846 terito
168 785 398 844 damnabuntur.
411 787 446 842 et
460 784 528 841 hine
553 801 650 856 regern
675 784 800 857 scriptor
853 785 1021 858 designans,
1028 804 1079 860 per
1090 787 1405 862 quadragintadierum
1417 806 1571 845 numerum
1581 795 1676 847 eusto-

75 893 85 935 t
108 874 216 934 seculo
241 876 315 931 bene
339 875 485 945 vivere,et
508 875 538 930 iu
565 878 705 931 aternum
729 890 797 929 cum
852 874 1161 948 ditur‚quiasicutsrlii
1178 877 1453 950 lsrael,inquorum
1468 877 1674 936 loeumsuces·

75 982 89 1023 o
103 981 226 1040 regnare
247 963 402 1020 desiderat.
414 965 454 1020 Ea
475 968 592 1036 propter
606 967 634 1019 et
650 961 679 1018 in
695 963 797 1019 eudem
852 961 957 1029 simus,
966 980 1017 1036 per
1027 965 1221 1038 quadraginta
1232 982 1334 1034 annos,
1344 965 1467 1022 transito
1480 966 1553 1021 mari
1565 966 1673 1035 Rubro,

75 1054 141 1113 lonc
165 1054 302 1111 denarius
325 1053 501 1128 geminatur,
521 1052 572 1125 qui
596 1070 647 1125 per
671 1056 797 1124 quatuor
851 1051 881 1106 in
897 1053 987 1109 eremi
1001 1054 1136 1111 vastitate
1151 1055 1319 1112 calamitose
1330 1060 1488 1128 antequam
1503 1055 1537 1111 ad
1553 1056 1676 1127 promis-

81 1142 229 1217 evangelii
245 1143 335 1199 libros
347 1142 511 1215 completur
521 1159 527 1197 :
539 1142 647 1215 quiact
662 1143 725 1198 sinc
740 1143 797 1197 fide
851 1141 942 1196 sienis
957 1145 1065 1199 terrem
1089 1143 1220 1199 venirent
1235 1144 1340 1200 versati
1364 1148 1444 1210 sunt,
1456 1143 1497 1200 ita
1520 1147 1549 1201 ct
1575 1161 1629 1200 uos
1644 1144 1674 1199 iu

75 1232 154 1293 sibile
169 1236 214 1289 est
235 1232 349 1306 placere
364 1232 433 1300 Deo,
444 1235 473 1289 et
488 1233 559 1288 fides
575 1231 638 1288 sine
658 1231 795 1304 operibus
850 1229 943 1286 exsilii
958 1231 1048 1304 hujus
1072 1233 1210 1289 erumnis
1225 1234 1330 1306 dignas
1353 1232 1556 1289 inobedientia
1573 1250 1674 1305 poenas

75 1340 89 1381 a
102 1327 148 1380 est
162 1321 191 1378 iu
207 1322 374 1395 semetipsa.
387 1321 483 1378 Sedet
496 1321 524 1376 in
541 1337 575 1377 ea
585 1320 681 1376 dualis
693 1338 794 1377 nume·
850 1317 970 1388 luimus,
981 1326 1140 1394 antequem
1151 1323 1187 1378 ad
1203 1322 1332 1395 paradisi
1343 1322 1451 1395 gaudia
1465 1323 1629 1378 redeamus.
1642 1321 1673 1379 ln

76 1410 222 1486 plicatur:
235 1412 305 1485 quia
323 1411 446 1467 scientia
467 1411 529 1467 sine
545 1411 686 1467 charitate
700 1409 793 1478 inliat,
849 1425 908 1480 qua
923 1410 1094 1483 probatione
1108 1417 1175 1485 post
1186 1429 1303 1468 sacrum
1318 1409 1466 1486 baptisma
1480 1410 1562 1483 prius
1577 1409 1674 1484 longis

75 1518 100 1560 rs
114 1506 212 1559 autem
232 1519 299 1557 eum
319 1500 443 1557 scientia
461 1518 534 1556 sana
553 1499 694 1556 edificat:
707 1502 735 1555 et
750 1500 793 1554 in·
847 1497 989 1556 virtutum
1005 1502 1157 1558 exercendi
1175 1501 1330 1575 agonibus,
1346 1518 1380 1557 ae
1395 1500 1500 1558 deinde
1523 1500 1673 1573 perpetuis

75 1606 105 1647 as
114 1593 160 1647 est
173 1591 268 1646 bonus
282 1589 420 1647 omnibus
435 1589 610 1647 iacientibus
620 1606 698 1659 cunr,
710 1592 738 1645 et
750 1589 793 1644 di·
848 1606 981 1662 superna
992 1590 1183 1648 beatitudinis
1193 1609 1298 1650 sumus
1309 1590 1436 1648 donandi
1448 1588 1632 1657 muneribus,
1644 1591 1674 1645 et

75 1678 153 1737 eDei
167 1678 295 1752 prelata,
306 1679 353 1735 cui
365 1678 447 1735 nulla
461 1678 577 1735 numeri
588 1696 727 1736 mensura
741 1678 795 1734 im·
849 1682 967 1752 accepta
980 1678 1030 1737 Dei
1046 1680 1120 1755 lege,
1131 1681 1160 1737 id
1176 1686 1221 1738 est
1235 1680 1334 1737 audito
1343 1680 1431 1737 verbo
1441 1679 1549 1748 divino,
1560 1677 1597 1733 de
1612 1677 1671 1749 pri·

75 1784 100 1839 r,
112 1768 147 1825 de
158 1785 216 1840 qua
226 1785 260 1824 rx
274 1772 334 1824 toto
349 1769 446 1837 eorde,
458 1772 486 1824 et
501 1785 536 1823 ex
550 1767 630 1824 omni
646 1772 754 1834 mente,
766 1770 794 1823 et
848 1785 896 1825 sea
908 1773 1009 1826 nostra
1018 1771 1236 1829 conversatione
1246 1769 1397 1844 egredi,ae
1408 1767 1596 1826 solitudinem
1606 1765 1671 1820 vita

75 1857 170 1915 mrbus
197 1857 308 1914 viribus
338 1858 446 1914 nostris
474 1856 655 1930 praecipitur,
676 1855 829 1955 dilectioB
848 1857 989 1930 spiritalis
1002 1863 1118 1916 constat
1134 1860 1238 1917 debere
1259 1877 1312 1917 aes
1330 1856 1453 1933 ingredi,
1470 1860 1503 1913 ut
1516 1854 1577 1911 vita
1591 1870 1670 1910 nova

75 1946 93 2003 ri
108 1947 138 2002 in
153 1947 268 2003 duobus
283 1947 435 2020 preceptis
449 1946 656 2015 subdividitur,
668 1963 735 2002 cum
747 1945 790 2002 di·
846 1948 1507 2023 conversationisquotidiccastigati‚siterram
1516 1946 1673 2019 repromis-

75 2036 130 2094 l'ob.
143 2055 185 2104 rv3
202 2037 292 2093 derra
304 2037 354 2109 vn)
366 2054 373 2092 z
385 2037 466 2103 Quod
491 2036 543 2092 tibi
571 2037 631 2093 fieri
656 2054 713 2092 non
737 2035 791 2104 vis,
846 2035 939 2093 sionis
954 2036 1062 2095 intrare
1077 2039 1223 2107 volumus,
1239 2039 1323 2112 quasi
1344 2036 1514 2111 quotidiano
1534 2035 1671 2094 Jordanis

75 2124 793 2199 leceris,etquoevultisutiaciantvobisbomincs,
846 2126 1022 2199 baptismate
1047 2126 1184 2200 lacrymis
1208 2128 1407 2185 saluberrime
1436 2123 1670 2200 compunctionis

75 2216 178 2272 eadem
192 2216 276 2271 facite
291 2214 359 2271 illis.
846 2215 882 2270 ab
896 2213 977 2271 omui
991 2215 1128 2273 vitiorum
1144 2215 1361 2290 subripentium
1377 2215 1549 2288 contagione
1564 2230 1670 2287 purge·

75 2303 163 2381 plotio
178 2305 322 2377 siquidem
335 2323 482 2361 summurn
494 2322 632 2362 versuum
643 2306 792 2377 profereus
846 2320 922 2375 mur,
934 2305 1018 2376 juxto
1047 2322 1115 2361 eum
1140 2305 1189 2378 qui
1216 2305 1312 2362 dixit:
1338 2305 1445 2360 ereabo
1467 2300 1517 2376 per
1544 2303 1671 2372 singulus

75 2395 190 2453 ersibus
214 2395 360 2468 egitur,et
384 2395 439 2450 sub
465 2394 567 2451 ferculi
597 2393 790 2462 reclinatorio,
845 2401 933 2449 troclea
947 2394 1046 2451 lectum
1060 2413 1160 2463 nuum,
1177 2396 1306 2469 lacrymis
1323 2402 1438 2452 stratam
1460 2409 1552 2449 meam
1573 2393 1670 2463 rigabo

75 2483 284 2542 esurrectionis
299 2488 431 2540 octavam
444 2483 520 2540 diem
534 2485 725 2553 demonstrat,
738 2501 790 2556 po·
844 2483 933 2550 (Paul.
944 2499 984 2549 vr,
997 2484 1036 2555 7).
1049 2484 1131 2540 Unde
1144 2487 1221 2541 reete
1230 2485 1368 2541 iordanis
1383 2486 1459 2540 nme
1467 2482 1571 2555 judieii
1584 2481 1671 2539 iuter

77 2573 148 2646 qaia
162 2573 238 2628 sicut
249 2576 318 2628 sunt
332 2574 396 2629 dua
408 2577 527 2640 mortes,
540 2573 669 2644 eorporis
680 2571 792 2629 seilicet
845 2575 987 2642 pretatur,
1002 2572 1072 2644 quia
1087 2573 1228 2630 nimirum
1242 2573 1336 2641 electi,
1348 2590 1407 2645 quo
1417 2570 1574 2630 sollicitius
1584 2588 1668 2629 suem

75 2661 230 2721 sessionem
242 2663 278 2718 ab
289 2680 321 2719 co
333 2662 447 2728 anima,
458 2665 486 2718 ct
501 2660 606 2718 anima
622 2678 672 2734 per
685 2661 792 2717 aduris·
845 2659 1053 2717 conscientiam
1069 2662 1108 2733 dij
1115 2662 1258 2718 udicando
1282 2662 1461 2731 examinant,
1472 2679 1505 2718 ea
1528 2659 1669 2735 largiores

75 2748 120 2809 ria
130 2768 162 2808 se
174 2753 284 2824 peccati
295 2769 301 2806 :
312 2751 353 2808 ita
363 2752 462 2807 etduoe
473 2755 543 2807 sunt
553 2751 789 2819 resurrectiones,
844 2763 879 2802 ex
893 2747 998 2805 intimo
1013 2751 1109 2806 cordis
1125 2751 1203 2807 iente
1223 2750 1369 2824 lacrymas
1384 2751 1512 2807 fundunt
1527 2767 1534 2805 ι
1552 2752 1585 2806 ut
1600 2748 1669 2823 quia

84 2836 229 2905 videlicet,
242 2841 358 2912 quando
371 2838 560 2913 indulgentiae
575 2838 730 2895 vivificatio
740 2856 792 2912 per
844 2836 943 2892 minus
958 2838 1101 2911 perlectos
1116 2857 1147 2896 se
1167 2856 1231 2895 esse
1247 2838 1480 2911 deprehendunt,
1492 2838 1594 2895 sordes
1608 2854 1667 2894 sue

84 2927 261 3003 peanitentiae
287 2929 398 2984 inactus
418 2927 513 3001 gratia
536 2927 588 2984 Dei
611 2928 789 3000 acquiritur;
844 2922 1010 2998 fragilitatis
1040 2926 1127 2984 undis
1155 2926 1331 3000 paenitentia
1360 2925 1484 2982 diluant.
1505 2926 1561 2983 Sed
1592 2925 1664 2982 707

75 3017 358 3089 tcorporis‚quando
374 3018 404 3073 in
419 3019 544 3073 adventu
560 3017 676 3074 Domini
688 3034 790 3074 omncs
843 3017 872 3069 et
888 3013 1084 3086 significantia
1099 3013 1323 3087 quadragenarii
1338 3013 1465 3080 numeri,
1480 3018 1510 3069 et
1525 3012 1667 3068 eilnsione

75 3111 264 3179 reresurgcnt
274 3123 341 3162 cum
350 3106 521 3179 corporibus
532 3107 640 3175 suis‚et
648 3106 789 3163 reddituri
843 3101 956 3172 diluvii,
973 3107 1002 3159 et
1016 3103 1046 3159 iu
1069 3103 1158 3161 Jacob
1179 3103 1309 3177 planetu,
1326 3103 1355 3158 in
1374 3100 1578 3159 exercitatione
1593 3116 1666 3172 quo·

75 3192 182 3251 riaetis
197 3194 323 3267 propriis
339 3195 499 3252 rationem:
512 3199 541 3252 et
555 3195 719 3268 beatusqui
735 3195 789 3251 ha·
843 3208 900 3264 que
915 3191 1042 3249 tiliorum
1068 3191 1156 3250 lsrael
1174 3192 1204 3248 in
1220 3192 1345 3265 deserta,
1361 3196 1448 3265 atque
1473 3190 1503 3247 in
1527 3189 1665 3263 praedica·

75 3287 187 3358 pedem
198 3283 229 3339 in
240 3283 450 3341 resurrectione
462 3284 566 3357 prima,
579 3284 717 3358 quoniam
730 3302 788 3341 non
804 3259 826 3326 C
842 3280 922 3337 tione
936 3281 1026 3350 lonc,
1039 3285 1068 3339 et
1081 3281 1147 3338 aliis
1163 3281 1265 3338 multis
1275 3280 1494 3338 ostensionibus
1505 3295 1595 3336 cauea
1604 3294 1665 3352 per

75 3389 86 3428 r
99 3388 117 3428 a
131 3376 225 3429 morte
248 3373 387 3440 secunda,
399 3377 427 3429 et
442 3373 564 3446 accipiet
586 3373 671 3429 binas
686 3373 787 3443 stolas,
843 3369 976 3427 sectionis
990 3370 1020 3427 in
1036 3371 1186 3444 Scriptura
1201 3370 1298 3444 positi,
1310 3370 1390 3426 aliud
1405 3368 1493 3426 etiam
1513 3382 1665 3440 perneces-

75 3458 216 3519 talitatem
230 3461 341 3518 scilicet
355 3467 383 3518 et
395 3461 642 3534 incorruptionem
657 3464 788 3536 corporis
842 3459 954 3516 sarium
970 3459 1085 3516 innuit:
1102 3459 1173 3533 quia
1186 3460 1302 3532 Moyses
1312 3475 1423 3515 morem
1433 3453 1666 3514 circumcisionis

75 3551 217 3607 atanimae.
230 3551 286 3607 Sed
298 3551 496 3624 significantia
507 3551 593 3607 istius
604 3551 788 3609 resurrectio
842 3548 982 3606 divinitus
997 3549 1185 3622 imperatum,
1196 3553 1225 3605 et
1234 3547 1458 3621 quadringentis
1472 3551 1501 3603 et
1515 3563 1566 3603 sex
1580 3544 1666 3602 annis

75 3655 122 3695 ma
135 3639 236 3695 ordine
252 3643 328 3695 reete
343 3639 385 3694 illi
402 3640 577 3712 supponitur
592 3658 655 3713 quc
670 3640 787 3713 proecel·
841 3638 1038 3707 observatum,
1051 3638 1306 3711 perquadragiute
1319 3653 1412 3693 annos
1427 3635 1457 3693 in
1471 3651 1569 3692 eremo
1579 3635 1666 3691 inter·

77 3727 276 3802 estdignitate
288 3745 294 3783 ε
307 3729 423 3784 sicutct
435 3729 631 3801 Scripturade
642 3746 786 3802 compun-
842 3727 934 3798 misit,
951 3744 1039 3801 quem
1062 3728 1152 3784 Josue
1176 3726 1277 3783 cultris
1301 3725 1424 3799 petrinis
1447 3724 1577 3797 perfecit,
1594 3724 1665 3796 quia

76 3832 182 3893 genere
191 3815 262 3873 dicit
273 3834 279 3872 :
291 3818 369 3874 Dedit
382 3818 428 3873 iili
440 3825 517 3889 pater
530 3835 607 3886 suae,
619 3817 689 3891 quin
701 3818 786 3875 Caleb
841 3821 924 3889 petra
943 3820 1006 3874 erat
1019 3816 1164 3883 Christus,
1180 3820 1209 3873 et
1235 3815 1280 3872 lex
1304 3832 1356 3889 per
1381 3815 1499 3888 Moysen
1515 3814 1584 3870 dats
1607 3816 1662 3883 cst,

76 3904 137 3974 lia,
169 3909 288 3976 irripere
315 3908 442 3978 superius
470 3915 496 3963 et
523 3908 642 3977 irripere
670 3909 786 3979 insertus
840 3906 936 3979 gratia
958 3910 987 3963 ct
1009 3906 1115 3963 veritas
1139 3905 1313 3978 pertesum
1337 3902 1486 3961 Christum
1509 3903 1586 3959 iacta
1606 3906 1662 3960 est.

75 4011 92 4064 r,
105 3994 164 4063 15);
176 4011 242 4050 eum
258 3995 341 4051 electi
365 3995 448 4068 prius
471 3994 591 4068 plangat
605 3996 641 4050 de
656 3995 787 4051 inferiori
841 3995 920 4050 Idem
936 4012 1052 4068 quoque
1069 3995 1182 4068 Moyses
1197 3997 1231 4050 ut
1247 3994 1353 4068 legem,
1368 4008 1458 4066 quam
1481 3989 1532 4048 Dei
1556 3988 1663 4064 populo

81 4081 230 4148 animant
239 4099 296 4137 non
306 4082 475 4137 duceturad
487 4080 676 4154 supplicium,
685 4084 787 4152 postea
840 4085 977 4152 traderet,
989 4085 1142 4157 acciperet,
1156 4084 1285 4140 secundo
1301 4083 1404 4139 dicbus
1417 4080 1612 4154 quadraginta
1622 4080 1664 4152 je·

75 4192 78 4221 r
96 4168 238 4244 superiori
261 4170 381 4243 irriguo,
394 4170 464 4242 quie
487 4170 620 4226 differtur
644 4186 662 4224 a
684 4185 783 4242 reguo.
834 4172 965 4242 junavit;
977 4172 1054 4228 Elias
1068 4171 1097 4227 in
1114 4173 1228 4228 deserto
1245 4171 1442 4243 quadraginta
1456 4168 1560 4224 diebus
1576 4168 1664 4224 absti-

75 4263 196 4315 lautem
212 4257 313 4316 ferculi
338 4276 475 4315 versuum
499 4257 608 4314 heroici
622 4261 651 4314 et
665 4257 784 4331 elegiaci
840 4259 917 4328 nuit;
934 4260 998 4334 ipse
1012 4264 1115 4317 auctor
1128 4259 1282 4315 hominum
1298 4259 1334 4314 ad
1350 4256 1484 4313 homines
1498 4254 1616 4312 veniens
1632 4255 1661 4310 ia

74 4346 112 4420 is,
126 4363 215 4420 quam
236 4364 336 4404 seeum
356 4347 512 4421 completio
527 4346 700 4420 designavit,
712 4364 784 4420 qua·
839 4349 1034 4423 quadraginta
1044 4348 1147 4405 diebus
1158 4347 1273 4404 nullum
1285 4345 1405 4402 omnine
1413 4344 1512 4401 cibum
1521 4341 1660 4415 sumpsit.

75 4435 121 4494 rtis
136 4438 331 4511 quadraginta
345 4443 374 4494 et
395 4455 445 4495 sex
464 4438 598 4495 versibus
614 4440 738 4504 constat,
755 4439 784 4492 ct
838 4438 896 4494 Cur
910 4454 978 4512 crgo
992 4437 1022 4494 in
1043 4435 1222 4494 abstinentia
1245 4431 1495 4508 quadragenarius
1519 4446 1661 4487 numerus

75 4525 148 4584 scies
162 4527 270 4583 ductus
282 4526 434 4583 denarium
451 4526 573 4599 perficit.
586 4526 626 4582 Dc
641 4542 699 4598 quo
715 4523 784 4597 quia
838 4527 1011 4595 custoditur,
1022 4526 1077 4583 nisi
1089 4525 1159 4599 quia
1168 4524 1262 4581 virtus
1277 4521 1406 4596 decalogi
1422 4538 1474 4595 per
1486 4521 1578 4577 libres
1592 4536 1661 4592 qua-

75 4620 136 4673 nter
145 4634 235 4689 supra
242 4619 305 4690 jam
315 4616 515 4691 diximus,hee
525 4617 631 4672 iterum
643 4612 783 4687 replicare
798 4631 821 4697 p
837 4621 904 4672 tuor
913 4615 1006 4672 sancti
1016 4613 1162 4687 Evangelii
1174 4611 1401 4669 custoditurlllt
1410 4609 1461 4683 qui
1472 4626 1523 4682 per
1532 4607 1661 4666 carnalia

75 4722 94 4761 s.
103 4703 248 4762 Denarius
259 4705 367 4762 etenim
380 4709 484 4777 quater
495 4705 603 4761 duetus
615 4703 644 4760 in
655 4703 782 4776 quadra·
838 4705 983 4762 desideria
992 4703 1121 4776 decalogi
1136 4703 1276 4758 mandata
1284 4699 1525 4772 contempsimus,
1536 4698 1660 4772 dignum

78 4810 108 4850 m
119 4795 215 4867 surgit
227 4813 232 4850 :
245 4794 315 4867 quia
326 4800 396 4850 tunc
407 4793 535 4865 decalogi
549 4793 686 4849 mundata
698 4795 784 4865 pierii·
839 4798 884 4850 est
895 4793 1069 4848 utearndern
1080 4808 1198 4847 carnem
1209 4788 1419 4863 quaterdecies
1435 4788 1602 4862 affligamus
1614 4803 1620 4842 :
1632 4790 1662 4842 et

75 4899 133 4939 tum
144 4884 273 4955 prolecto
284 4889 410 4956 quatuor
424 4881 513 4937 libros
527 4881 618 4936 saneti
635 4881 781 4954 Evangelii
837 4886 870 4936 ut
881 4900 932 4954 per
941 4880 1070 4954 decalogi
1083 4882 1287 4936 urandatorum
1304 4878 1481 4950 custodiam,
1492 4896 1525 4935 uc
1536 4895 1588 4951 per
1602 4877 1660 4936 Deo

75 4988 157 5029 mus:
168 4990 241 5044 quos
252 4969 654 5036 hunriliuseonservamus,si
666 4972 782 5026 undeet
836 4971 956 5043 dignum
971 4970 1189 5037 abstinentiam,
1200 4971 1236 5026 ad
1251 4973 1389 5026 aternam
1404 4972 1505 5040 vitam,
1516 4988 1580 5044 qum
1595 4988 1660 5027 ceu-

75 5059 193 5135 1ualiter
207 5060 367 5116 cecidimus
381 5059 562 5115 incessanter
577 5057 780 5130 aspicimus.A
833 5060 946 5117 tonario
962 5076 1084 5116 numero
1099 5057 1279 5132 designatur,
1292 5060 1435 5133 quadriga
1445 5059 1617 5133 Evangelira
1631 5062 1660 5114 et

84 5146 232 5221 siquidem
247 5155 355 5215 nostra,
367 5148 395 5204 id
413 5152 458 5204 cst
474 5165 490 5202 e
505 5146 651 5219 paradiso,
663 5145 691 5201 in
703 5146 779 5203 bunc
834 5146 1032 5205 cardinalibus
1040 5147 1332 5221 quatuorviriutibus
1344 5149 1533 5222 perferamur,
1541 5162 1658 5202 necesso

75 5252 121 5293 cm
141 5235 336 5311 lacrymarum
357 5235 561 5309 superbiendo,
579 5234 781 5304 inobediendo,
836 5241 881 5293 est
897 5241 929 5293 ut
941 5237 1192 5311 quadragenarius
1208 5254 1349 5295 numerus
1364 5255 1415 5311 pcr
1428 5233 1557 5308 decalogi
1572 5235 1659 5291 deua-

75 5322 783 5399 lsequcndo,cibumvotitumgustandodiscessi·
836 5325 913 5382 rium
929 5326 1151 5400 multiplicetur,
1167 5327 1252 5383 etsie
1272 5328 1309 5383 ad
1334 5323 1655 5399 quadringentesimum

75 5412 97 5469 d
113 5413 150 5469 ad
165 5430 230 5469 eam
247 5431 362 5470 neccsse
378 5418 422 5469 cst
439 5417 470 5469 ut
485 5413 591 5480 tiendo,
608 5413 780 5484 obediendo,
836 5431 992 5471 numerum
1007 5416 1153 5472 efferatur.
1166 5415 1364 5487 Quadraginta
1373 5413 1452 5470 enim
1467 5411 1562 5469 decies
1577 5413 1656 5469 ducli

75 5505 316 5571 ,contemnenda
333 5508 422 5576 atquc
443 5503 606 5576 appetitum
622 5502 720 5559 carnis
736 5520 779 5560 re-
835 5503 1064 5578 quadringentos
1087 5504 1230 5569 ciliciunt,
1247 5505 1317 5575 quia
1339 5503 1374 5558 ad
1399 5506 1536 5558 eternam
1555 5501 1656 5572 vitam,

75 5609 92 5649 o
107 5592 274 5650 redeamus.
286 5593 321 5650 lit
331 5593 401 5666 quia
411 5594 447 5649 ab
458 5591 552 5665 ipsius
567 5590 695 5664 paradisi
711 5608 780 5665 gau·
833 5610 897 5666 quc
908 5594 1074 5651 centenario
1085 5610 1206 5650 numero
1221 5596 1250 5649 et
1263 5590 1531 5664 boeqaaterductc
1545 5591 1656 5666 ligura-

88 5679 188 5739 eibum
200 5681 373 5752 cecidimus,
384 5683 420 5739 ad
433 5680 493 5738 berc
510 5681 539 5737 in
556 5684 699 5753 quantum
716 5697 779 5753 pos
831 5687 890 5752 tur,
901 5681 985 5740 electi
1000 5698 1183 5750 omnesaue
1197 5678 1295 5737 solum
1309 5678 1346 5737 de
1359 5678 1578 5755 incorruptione
1593 5680 1656 5741 ani-
