3810 6098
372 269 449 331 PRO
472 266 669 330 ECGldjSlAE
691 266 944 330 Llnunna'vuu
971 271 1227 339 DEFENSlONE.
1580 276 1658 344 loto

81 402 196 469 debeat,
214 399 321 457 Paulus
337 399 488 473 apostolus
504 399 644 472 Spiritum
661 397 777 455 Domini
792 398 819 466 Α
833 399 899 467 sati,
910 401 969 458 sivo
981 401 1028 458 ille
1040 404 1657 479 sublimisvirboneris,siveulliusalterius

75 492 190 550 Christo
200 491 230 546 in
244 508 275 547 se
287 490 423 562 loquente
434 489 546 545 sortiter
561 488 707 560 perhibet;
720 505 778 560 qua
832 487 994 561 dignitatis,
1005 493 1054 563 qui
1080 493 1135 550 bec
1158 512 1251 567 genus
1280 498 1460 556 illaudabilis
1486 500 1657 558 intentionis

75 599 93 639 n
109 581 282 637 auctoritate
298 595 424 634 canones
440 577 693 652 Carthaginienses
708 594 778 649 pra·
832 576 1657 657 arripiet,noveritdocendaprobationibus,moustranda

75 670 206 728 dicentes
219 687 242 724 :a
256 668 395 741 Quisquis
407 666 620 740 episcoporum,
631 666 776 739 presbyte-
831 665 1015 726 documentis
1030 688 1061 727 se
1077 673 1180 729 debere
1203 673 1318 730 inlcrre.
1335 675 1364 732 Si
1381 677 1447 749 quis
1467 693 1535 751 ergo
1555 683 1657 736 contra

84 763 115 817 et
139 758 342 825 diaconorum,
368 774 419 813 seu
449 755 632 823 clericerum,
649 772 715 811 cum
746 755 775 810 in

103 847 128 906 ci
159 848 246 904 luerit
275 847 385 902 crimen
413 845 592 912 institutum,
613 843 655 900 vel
684 842 776 899 civilis

75 937 144 994 ierit
158 939 313 1003 commota,
329 934 353 991 si
368 933 469 990 relicto
488 932 684 990 ecclesiastico
695 931 775 1004 judi·

75 1024 149 1082 rlicis
161 1023 284 1096 judiciis
304 1040 428 1096 purgare
442 1022 575 1089 voluerit,
592 1021 707 1078 etiamsi
724 1038 776 1095 pre

75 1113 120 1170 rit
134 1112 247 1186 prolata
261 1112 417 1180 sententia,
434 1111 530 1168 lecum
546 1128 633 1168 suam
649 1111 774 1178 amittat,

75 1200 105 1259 in
130 1200 292 1268 criminali3
313 1202 343 1256 in
368 1200 444 1257 civili
465 1217 532 1257 vero
562 1201 673 1273 perdat,
698 1198 775 1272 quod

75 1290 89 1348 vi
104 1289 201 1348 locum
218 1307 306 1347 suum
322 1290 453 1347 obtinere
469 1289 605 1346 maluerit
617 1299 637 1343 ¹.
654 1289 689 1344 Et
702 1289 777 1343 iliri-

83 1379 241 1437 oeneilium
259 1397 291 1435 :a
315 1380 487 1451 Quicunque
512 1377 635 1450 (scilicet
658 1377 776 1433 clerice-

75 1469 94 1527 b
118 1469 292 1542 imperatore
308 1467 502 1541 cognitionem
524 1467 704 1540 judiciorum
724 1483 776 1539 pu-

75 1576 98 1616 n
112 1558 238 1632 petierit,
260 1557 368 1612 honore
391 1557 508 1630 proprie
522 1556 668 1628 privetur;
685 1556 709 1611 si
725 1572 775 1611 au·

75 1647 184 1721 scepeie
192 1645 338 1718 judicium
347 1645 384 1701 ab
395 1645 569 1716 imperatore
578 1644 775 1716 postulaverit,

82 1736 161 1794 obsit
171 1738 193 1793 b·
204 1758 219 1786 n

832 753 1002 827 hujusmodi
1018 777 1157 833 personas
1170 780 1227 818 non
1244 764 1395 836 probanda
1405 764 1552 837 detulerit,
1560 770 1658 825 aueto-

831 843 917 901 ritate
933 846 1023 920 hujus
1047 850 1208 908 sanctionis
1218 852 1368 926 'intelligat
1383 870 1413 910 se
1434 855 1557 925 jactura
1572 855 1656 912 lame

831 934 953 1007 proprie
969 937 1121 1010 subjacere
1138 956 1144 995 :
1163 945 1196 996 ut
1210 942 1318 999 damno
1334 941 1455 1015 pudoris
1470 941 1657 1000 existimatio·

832 1022 936 1094 nisque
953 1024 1106 1099 dispendio
1117 1028 1211 1085 diseat
1225 1029 1282 1085 sibi
1298 1028 1398 1087 alienas
1413 1030 1657 1088 verecundissim-

831 1126 909 1183 pune
923 1112 1066 1181 insidiari,
1079 1117 1183 1173 saltem
1203 1118 1239 1174 de
1262 1123 1376 1185 caetero,
1386 1137 1445 1177 non
1460 1119 1576 1177 licere.»
1588 1121 1656 1186 oue

831 1200 870 1255 sit
884 1205 983 1258 autem
1001 1205 1120 1276 jactura
1143 1205 1270 1262 infamiae
1285 1207 1420 1280 propria,
1436 1223 1500 1282 que
1516 1208 1575 1265 sint
1590 1225 1656 1281 per·

831 1305 909 1345 sonae
932 1289 1068 1360 infames,
1090 1292 1168 1368 leges
1190 1311 1326 1364 romanae,
1343 1312 1376 1352 ac
1399 1313 1536 1364 canones,
1552 1297 1602 1353 ssd
1627 1299 1656 1352 et

832 1379 947 1436 decreta
965 1381 1044 1437 sedis
1069 1384 1390 1456 romanae,pontillcam
1414 1384 1566 1442 multoties
1588 1384 1657 1441 inde

832 1466 985 1540 loquentes
998 1476 1156 1544 exponunt.

869 1557 1032 1631 interquod
1048 1561 1151 1618 beatus
1162 1561 1328 1635 Stephanus
1341 1567 1442 1618 sancto
1457 1561 1565 1618 Hilario
1580 1560 1655 1618 ecri-

833 1647 915 1714 bens,
928 1647 970 1704 ita
983 1649 1054 1705 dicit
1066 1666 1091 1704 z«
1102 1651 1183 1716 Quod
1193 1667 1260 1707 vero
1270 1651 1444 1708 consuluisti
1460 1651 1559 1708 sedem
1569 1666 1654 1724 apos·

792 1767 815 1832 B
833 1736 962 1806 tolicam,
974 1737 1024 1809 qui
1042 1739 1101 1795 sint
1116 1738 1309 1806 infamasset
1324 1741 1373 1812 qui
1389 1740 1424 1796 ad
1440 1740 1549 1815 gradus
1563 1736 1654 1796 ecclc·

79 1830 109 1883 at
123 1824 211 1898 leges,
223 1824 331 1897 quibus
346 1840 414 1878 eum
430 1823 521 1879 sacris
537 1823 698 1880 canonibus
710 1841 776 1879 sun·
831 1825 965 1882 siasticos
976 1843 1034 1882 non
1045 1827 1105 1883 siat
1115 1827 1338 1895 admittendas
1352 1844 1439 1885 nosse
1453 1832 1481 1884 te
1495 1826 1653 1894 eredimus,

75 1914 184 1970 leretur
206 1912 343 1979 Ecclesia,
361 1912 401 1967 ita
416 1912 445 1967 in
462 1913 574 1968 decimo
599 1916 678 1968 sexto
703 1912 776 1968 libre

75 2002 161 2059 siene
183 2000 255 2075 legis
271 2003 455 2069 confirmant,
473 1999 621 2058 sanciente
637 2004 776 2058 Constan-

75 2095 166 2149 ventcs
180 2108 205 2145 2«
221 2089 464 2157 Mansuetudinis,
476 2090 581 2162 inquit,
594 2095 699 2147 nostrae
714 2090 777 2163 lege

75 2180 189 2247 mus,in
198 2179 319 2251 judiciis
330 2179 637 2252 episcoposaccusari3
652 2181 776 2247 nedum

75 2286 107 2326 ra
119 2269 250 2342 ipsorum
272 2269 412 2325 benolicio
428 2268 589 2341 impunitas
603 2269 776 2336 aestimatur,

75 2358 99 2414 it
108 2359 144 2414 ad
156 2359 320 2432 arguendos
331 2374 380 2414 eos
392 2357 498 2414 animis
514 2358 667 2415 furialibus
683 2358 775 2430 copia.

76 2447 776 2521 estigiturquerclarum,quodquispinmdclert3

75 2536 116 2594 ios
127 2536 314 2608 potissimum
325 2537 477 2608 episcopos
487 2538 621 2592 convenit
634 2536 777 2609 explorari

75 2627 168 2681 rrtuna
182 2630 268 2696 atquc
283 2625 437 2679 commode
453 2629 626 2680 cunctorum
642 2623 777 2696 questio-

75 2712 201 2770 odientia
212 2712 440 2768 commodetur.»
448 2714 483 2768 Et
494 2712 693 2785 interpretatio
703 2714 779 2784 ejus-

75 2802 110 2877 gis
122 2818 147 2856 :a
161 2802 331 2873 Spceialitcr
346 2802 526 2873 prohibetur,
539 2819 575 2857 ne
589 2802 656 2874 quis
671 2802 779 2857 audeat

831 1919 859 1968 ot
874 1931 925 1986 pre
941 1916 1113 1973 auctoritate
1124 1916 1377 1990 sedisapostolicae
1389 1922 1417 1974 te
1428 1917 1586 1973 informare
1596 1931 1654 1971 nen

831 2005 1020 2076 denegamus.
1031 2006 1158 2062 inlames
1172 2011 1270 2063 autern
1285 2023 1335 2062 eas
1349 2023 1413 2063 esse
1427 2023 1568 2079 personas
1582 2003 1653 2062 dici·

831 2110 908 2161 mus,
919 2111 983 2165 qua
999 2111 1051 2168 pro
1061 2094 1160 2167 aliqua
1170 2096 1256 2167 eulpa
1267 2099 1406 2152 notantur
1416 2095 1547 2164 infamia,
1559 2094 1588 2151 id
1599 2097 1654 2161 est,

831 2199 933 2239 omnes
957 2183 1007 2255 qui
1029 2183 1194 2239 christianae
1219 2183 1292 2256 legis
1311 2201 1445 2239 normam
1470 2183 1614 2254 abjiciunt
1628 2183 1657 2235 et

831 2276 942 2328 statuta
951 2272 1149 2329 ecclesiastica
1159 2277 1359 2329 contemnunt.
1370 2271 1510 2329 Similiter
1518 2271 1606 2338 iures,
1614 2285 1658 2326 sa·

831 2359 965 2433 crilcgos,
980 2365 1008 2416 et
1023 2377 1125 2416 omnes
1138 2361 1314 2434 capitalibus
1329 2359 1505 2416 criminibus
1519 2357 1657 2424 irretitos,

832 2448 1093 2522 sepulcrorumque
1113 2448 1279 2517 violatores,
1296 2455 1324 2504 et
1345 2448 1544 2521 apestolorum
1570 2450 1659 2518 atque

832 2553 1035 2593 suceessorum
1053 2554 1165 2606 cerum,
1180 2542 1209 2593 ct
1224 2537 1404 2610 reliquorum
1420 2539 1590 2593 sanctorum
1606 2534 1659 2590 Pa-

832 2629 911 2680 trum
928 2629 1039 2682 statuta
1060 2624 1183 2682 libenter
1203 2625 1359 2693 violantes3
1376 2629 1405 2681 ct
1420 2640 1522 2682 omnes
1538 2624 1589 2696 qui
1605 2622 1659 2680 ad·

831 2731 935 2770 versus
945 2717 1041 2787 patres
1053 2718 1216 2781 armantur,
1224 2713 1273 2786 qui
1285 2713 1403 2769 inomni
1416 2711 1659 2770 mundeinlamia

833 2806 983 2859 notantur.
995 2801 1137 2859 Similiter
1151 2806 1180 2858 et
1194 2801 1387 2869 incestuosos,
1404 2798 1578 2867 homicidas,
1590 2816 1659 2874 per·

75 2890 160 2948 idiees
175 2890 308 2963 publicos
328 2889 496 2962 episcopum
517 2907 665 2958 accusare,
681 2890 732 2947 sed
748 2890 778 2945 in
828 2893 924 2964 jures,
940 2896 1083 2964 raptores,
1100 2889 1258 2956 maleficos,
1274 2890 1428 2958 veneficos,
1446 2888 1605 2957 adulteros,
1622 2888 1659 2945 de

75 2995 158 3035 oram
172 2979 352 3034 audientiam
363 2979 490 3050 perferre
501 2995 557 3034 nen
570 2978 684 3034 dillerat
694 2977 778 3051 quid-

833 2980 909 3037 belle
922 2979 1075 3054 lugientes,
1087 2984 1116 3034 et
1130 2979 1180 3051 qui
1196 2978 1317 3050 indigna
1327 2976 1383 3034 sibi
1395 2979 1498 3051 petunt
1508 2974 1660 3034 locatene‘·

75 3066 97 3124 ni
113 3085 165 3142 pro
180 3067 321 3139 qualitate
338 3066 445 3139 negotii
461 3071 545 3141 putat
560 3084 645 3139 posse
660 3083 777 3139 compe·
835 3087 874 3137 re,
892 3072 943 3125 aut
958 3066 1111 3125 facultates
1130 3066 1264 3123 Ecclesia
1289 3067 1467 3124 abstrabunt
1488 3065 1616 3138 injuste;
1631 3069 1661 3122 ct

83 3155 114 3212 in
129 3156 332 3228 episcoporum
349 3155 473 3212 alierum
485 3156 608 3227 judicio,
621 3172 684 3228 que
699 3172 778 3212 asse·
794 3129 815 3195 G
834 3158 885 3231 qui
900 3160 1003 3214 fratres
1019 3156 1237 3213 calumniantur
1252 3161 1304 3212 aut
1321 3159 1462 3213 accusant
1476 3159 1505 3212 et
1519 3172 1577 3213 non
1593 3171 1660 3229 pro·

75 3261 111 3302 ra
124 3244 305 3317 episcopum,
324 3245 448 3300 debcant
464 3243 596 3299 dilliniri.
611 3266 623 3292 a

75 3348 124 3390 em
151 3330 268 3400 Valens,
290 3332 448 3389 Gratianus
477 3337 505 3388 et
532 3332 778 3388 Valentinianus:

75 3437 121 3478 nos
136 3426 181 3477 est
194 3438 349 3477 earusarum
366 3421 496 3478 civilium
512 3421 589 3477 idem
609 3420 638 3476 in
657 3420 781 3493 negotiis

75 3509 163 3566 aticis
177 3511 354 3566 obtinendus
364 3514 418 3576 est,
431 3515 463 3566 ut
478 3510 503 3565 si
517 3527 575 3581 qna
590 3514 660 3565 suut
675 3527 708 3564 ex
720 3509 782 3582 qui-

75 3616 82 3655 ι
104 3597 338 3655 dissensionibus
357 3598 527 3671 levibusque
546 3597 670 3667 delictis,
688 3599 724 3654 ad
740 3614 782 3653 re-

97 3687 312 3743 observantiam
338 3687 522 3759 pertinentia,
541 3686 613 3743 loeis
637 3687 699 3743 suis
723 3691 783 3744 eta

75 3792 201 3833 asceseos
229 3778 348 3849 synodis
377 3777 570 3833 audiantur»
594 3778 629 3832 Et
657 3776 780 3848 reliqua.

75 3865 213 3938 rpretatio
234 3866 365 3937 ejusdem
382 3865 454 3938 legis
467 3883 499 3921 :r
518 3866 636 3932 Quoties
656 3883 690 3922 ex
709 3882 781 3937 qua·

87 3954 123 4011 ad
141 3954 308 4028 religionem
322 3956 483 4027 pertinente
499 3956 574 4011 inter
589 3955 709 4011 clericos
723 3956 783 4010 lue-

75 4043 254 4111 .eonlentio;
267 4045 295 4099 id
310 4044 476 4116 specialiter
486 4045 662 4112 obscrvslur,
676 4049 708 4099 ut
717 4061 784 4099 eon·

82 4132 120 4188 ab
135 4131 271 4204 episeopo
287 4132 459 4189 dioeccsauis
474 4132 661 4205 praesbyteris
673 4150 737 4203 quae
753 4132 782 4186 in

75 4220 175 4278 ¹ioueur
200 4221 332 4277 venerint
356 4222 469 4292 judicio
494 4222 697 4277 terminentur.
712 4243 725 4269 n
749 4221 783 4275 Et

75 4397 784 4472 reodosiuschristianissimusimperator,etbeati

834 3247 920 3316 bant;
932 3246 975 3302 vel
991 3245 1040 3319 qui
1057 3249 1159 3301 contra
1175 3245 1345 3301 innoeentes
1361 3243 1528 3318 principum
1545 3243 1660 3301 animos

835 3337 870 3392 ad
886 3333 1068 3390 iracundiam
1084 3336 1256 3405 provocant,
1272 3338 1301 3389 et
1316 3349 1418 3389 omnes
1433 3331 1662 3390 anathematiza·

835 3430 891 3492 tos,
902 3423 947 3479 vel
961 3440 1013 3497 pro
1028 3422 1091 3479 suis
1108 3422 1268 3478 sceleribus
1292 3423 1328 3479 ab
1348 3421 1478 3478 Ecclesia
1499 3421 1616 3495 pulses3
1633 3423 1663 3477 et

835 3530 938 3569 omnes
952 3528 1026 3585 quos
1041 3511 1242 3567 ecclesiasticae
1259 3510 1303 3567 vel
1323 3509 1421 3567 saculi
1443 3511 1523 3584 leges
1536 3509 1662 3566 infames

836 3600 1038 3675 pronuntiant.
1055 3601 1113 3656 llos
1128 3616 1193 3656 vero
1209 3616 1267 3655 nen
1284 3600 1319 3656 ad
1340 3615 1439 3655 saeros
1458 3598 1576 3655 ordines
1595 3596 1663 3654 lieet

836 3705 1014 3763 promovere,
1032 3705 1084 3743 nac
1099 3704 1196 3744 servos
1216 3692 1283 3743 ante
1303 3686 1464 3759 legitimam
1485 3686 1660 3755 libertatem,

837 3796 889 3835 nee
900 3778 1083 3852 paenitentes,
1092 3793 1144 3832 nec
1159 3776 1303 3849 digamos,
1317 3794 1369 3833 nee
1383 3775 1494 3848 eosqui
1509 3774 1596 3832 curia
1611 3775 1661 3831 de·

837 3867 1022 3934 serviunt,vel
1034 3867 1083 3939 qui
1095 3883 1153 3921 nen
1164 3871 1234 3921 sunt
1245 3865 1349 3938 integri
1360 3881 1490 3937 corpore,
1498 3868 1549 3920 aut
1559 3880 1662 3920 sanam

837 3974 894 4012 nou
910 3956 1018 4012 babent
1034 3960 1161 4010 urentem
1172 3953 1215 4010 vel
1233 3954 1481 4021 intellectumaut
1497 3952 1664 4009 inobedien-

837 4051 880 4101 tes
892 4047 1062 4099 sanctorum
1078 4042 1203 4098 decretis
1221 4042 1359 4109 existunt,
1378 4048 1428 4097 aut
1449 4041 1552 4097 furiosi
1569 4040 1662 4097 mani-

838 4135 990 4188 festantur.
1008 4130 1042 4185 lli
1058 4148 1160 4185 omnes
1176 4145 1228 4184 nee
1244 4130 1280 4185 ad
1300 4146 1399 4185 saeros
1422 4130 1532 4201 gradus
1556 4128 1664 4184 debent

838 4219 970 4294 prevebi;
988 4236 1040 4274 noc
1061 4217 1120 4285 isti,
1138 4235 1190 4273 nce
1212 4217 1320 4282 liberti,
1337 4234 1431 4289 neque
1454 4215 1593 4288 suspecti,
1611 4232 1663 4271 nec

838 4316 947 4365 metam
963 4309 1061 4374 iidem,
1072 4307 1116 4362 vel
1132 4307 1251 4379 dignam
1272 4304 1521 4362 conversationem
1538 4321 1596 4360 non
1611 4304 1663 4360 ba·

839 4400 951 4466 bentes,
963 4414 1096 4454 summes
1120 4396 1286 4452 sacerdo'es
1302 4397 1426 4468 possunt
1447 4409 1613 4449 accusare.»
1630 4392 1665 4448 Et

75 4484 117 4555 sii,
129 4486 187 4542 inre
203 4504 254 4558 per
267 4505 334 4543 cum
351 4489 401 4544 Dei
417 4488 603 4544 humillimus
618 4489 734 4544 auditor
749 4487 785 4543 ad
803 4493 824 4556 ι)
841 4488 1001 4544 seeundum
1029 4486 1130 4542 Africae
1156 4500 1292 4551 canones,
1317 4482 1479 4551 criminosi,
1496 4497 1571 4555 quos
1594 4480 1666 4538 dicit

75 4590 99 4629 m
114 4575 305 4647 Augustalem
322 4576 351 4630 in
365 4577 424 4632 lata
434 4577 506 4650 lege,
519 4578 553 4633 ad
568 4577 664 4633 lecum
678 4594 702 4633 2«
714 4576 784 4632 Cen·

75 4663 785 4739 rgesaneimus,neminaepiscoporum,veleorum

75 4751 158 4809 alasiae
174 4753 400 4811 necessitatibus
417 4756 558 4823 serviunt,
569 4773 604 4811 ne
620 4757 655 4811 ad
672 4755 786 4827 judicia

75 4839 251 4898 dinariorum
267 4843 327 4898 sive
340 4845 635 4901 extraordinariorum
648 4845 784 4916 judicum

75 4934 180 4984 rantur.
192 4931 306 4986 Habent
325 4930 366 4986 illi
388 4932 504 5002 judiees
530 4949 609 5000 suos,
622 4949 674 4988 nec
698 4932 785 5004 quid-

75 5016 115 5074 ris
130 5017 255 5090 publicis
271 5037 426 5075 commune
446 5038 513 5077 cum
533 5020 658 5095 legibus.
671 5023 705 5078 Et
720 5021 786 5077 reli·

75 5105 165 5162 ;iten1
186 5107 263 5163 idem
277 5126 283 5164 :
297 5133 310 5157 κ
323 5110 449 5166 Clericos
465 5129 521 5166 non
542 5111 592 5166 sisi
613 5112 689 5183 apud
710 5111 786 5183 epis-

75 5196 202 5252 accusari
233 5199 376 5253 convenit.
395 5199 486 5273 igitur
510 5201 533 5256 si
557 5200 711 5272 episcopus
738 5205 790 5255 aut

75 5289 124 5353 ier,
146 5286 287 5342 diaconus
317 5292 345 5342 ot
368 5289 536 5360 quicunqne
567 5290 712 5345 interieris
735 5289 790 5344 loci

75 5390 129 5430 rnre
140 5375 212 5449 legis
225 5376 368 5443 minister,
381 5379 457 5450 apud
470 5378 631 5450 episcopos,
644 5379 789 5451 siquidem

75 5480 108 5519 en
125 5469 247 5535 oportet,
263 5483 279 5520 a
295 5465 425 5537 qualibet
441 5485 566 5538 persona
582 5469 690 5524 luerint
706 5485 789 5524 aceu-

75 5625 306 5696 re.1tlrie.,can.
325 5629 367 5684 15.

840 4577 984 4632 Dominus
999 4592 1034 4631 ex
1048 4574 1094 4631 his
1110 4592 1173 4646 quae
1189 4574 1225 4629 de
1244 4571 1330 4628 corde
1354 4571 1518 4644 procedunt
1532 4570 1666 4645 coinqui-

840 4670 940 4733 natos,
951 4681 1082 4737 quosque
1097 4663 1181 4719 decet
1195 4659 1351 4733 Apostolus
1367 4677 1383 4716 a
1399 4675 1487 4733 regne
1503 4659 1552 4716 Dei
1568 4658 1666 4717 exclu-

840 4772 888 4811 sos
905 4773 911 4810 :
928 4751 1170 4810 exeommunicati
1190 4751 1289 4816 etiam,
1301 4754 1330 4806 et
1344 4765 1447 4805 omnes
1462 4748 1592 4806 infamia
1607 4765 1668 4805 ma·

841 4844 915 4900 culis
927 4824 1048 4915 aspersi,
1060 4857 1221 4912 omnesque
1232 4857 1306 4912 quos
1319 4840 1356 4895 ad
1369 4839 1537 4896 accusanda
1551 4837 1667 4912 publiea

841 4933 965 4990 crimina
987 4931 1066 5004 leges
1090 4928 1212 5002 publicae
1240 4946 1297 4984 non
1323 4929 1494 4995 admittunt,
1514 4924 1666 4984 ccclesias-

840 5025 914 5079 ticos
929 5021 1049 5078 clericos
1064 5019 1120 5075 nisi
1136 5019 1165 5074 in
1186 5019 1311 5092 propriis
1332 5019 1441 5086 causis,
1458 5031 1594 5073 accusare
1609 5029 1666 5067 neu

843 5115 979 5186 possunt,
1003 5126 1053 5165 nee
1072 5109 1107 5164 ad
1135 5108 1340 5165 testimenium
1364 5109 1503 5163 adversus
1527 5119 1577 5158 ees
1599 5100 1669 5157 reci-

845 5203 976 5275 piantur.

881 5290 954 5357 Quia
967 5307 1033 5345 vero
1047 5287 1205 5344 Christiani
1224 5304 1258 5343 ac
1279 5283 1405 5357 religiosi
1431 5280 1577 5354 principes
1592 5279 1670 5336 sicut

845 5368 1670 5452 etsupraosteudimus,Eeclesiaeclericosadjudieiapu·

846 5470 921 5526 blica
936 5468 1012 5524 trahi
1027 5466 1070 5523 vel
1087 5467 1200 5522 invitari
1216 5464 1383 5526 noluerunt,
1396 5460 1439 5516 vel
1459 5457 1666 5533 permiserunt,

881 5630 972 5687 ¹‘ibid
985 5647 1049 5687 can.
1063 5626 1287 5685 104.Vid.conc.
1300 5621 1404 5678 Rham.
1416 5637 1463 5678 an.
1472 5622 1536 5688 630,
1546 5636 1610 5678 can.
1623 5621 1667 5677 18.
