<?xml version="1.0" encoding="UTF-8"?>
<!DOCTYPE html PUBLIC "-//W3C//DTD XHTML 1.0 Transitional//EN"
    "http://www.w3.org/TR/xhtml1/DTD/xhtml1-transitional.dtd">
<html xmlns="http://www.w3.org/1999/xhtml" xml:lang="en" lang="en">
 <head>
  <title>
</title>
<meta http-equiv="Content-Type" content="text/html;charset=utf-8" />
  <meta name='ocr-system' content='tesseract 3.04.00' />
  <meta name='ocr-capabilities' content='ocr_page ocr_carea ocr_par ocr_line ocrx_word'/>
</head>
<body>
  <div class='ocr_page' id='page_1' title='image "./patrologiaecurs46unkngoog_0445.png"; bbox 0 0 3810 6098; ppageno 0'>
   <div class='ocr_carea' id='block_1_1' title="bbox 99 330 160 401">
    <p class='ocr_par' dir='ltr' id='par_1_1' title="bbox 99 330 160 401">
     <span class='ocr_line' id='line_1_1' title="bbox 99 330 160 401; baseline -0.049 -8"><span class='ocrx_word' id='word_1_1' title='bbox 99 330 160 401; x_wconf 65' lang='grc'>819</span> 
     </span>
    </p>
   </div>
   <div class='ocr_carea' id='block_1_2' title="bbox 491 323 1414 391">
    <p class='ocr_par' dir='ltr' id='par_1_2' title="bbox 491 323 1414 391">
     <span class='ocr_line' id='line_1_2' title="bbox 491 323 1414 391; baseline -0.001 -2"><span class='ocrx_word' id='word_1_2' title='bbox 491 327 679 391; x_wconf 78' lang='lat' dir='ltr'>lllNGllitllll</span> <span class='ocrx_word' id='word_1_3' title='bbox 704 327 826 391; x_wconf 81' lang='lat' dir='ltr'>lllllllll.</span> <span class='ocrx_word' id='word_1_4' title='bbox 849 323 1030 387; x_wconf 65' lang='lat' dir='ltr'>euentus.</span> <span class='ocrx_word' id='word_1_5' title='bbox 1054 326 1258 391; x_wconf 79' lang='lat' dir='ltr'>OPUSGULA</span> <span class='ocrx_word' id='word_1_6' title='bbox 1280 329 1414 389; x_wconf 74' lang='lat' dir='ltr'>vaula.</span> 
     </span>
    </p>
   </div>
   <div class='ocr_carea' id='block_1_3' title="bbox 1748 325 1803 386">
    <p class='ocr_par' dir='ltr' id='par_1_3' title="bbox 1748 325 1803 386">
     <span class='ocr_line' id='line_1_3' title="bbox 1748 325 1803 386; baseline 0 0"><span class='ocrx_word' id='word_1_7' title='bbox 1748 325 1803 386; x_wconf 81' lang='lat'>880</span> 
     </span>
    </p>
   </div>
   <div class='ocr_carea' id='block_1_4' title="bbox 101 457 1804 537">
    <p class='ocr_par' dir='ltr' id='par_1_4' title="bbox 101 457 1804 537">
     <span class='ocr_line' id='line_1_4' title="bbox 101 457 1804 537; baseline -0.002 -19"><span class='ocrx_word' id='word_1_8' title='bbox 101 478 153 537; x_wconf 87' lang='lat' dir='ltr'>per</span> <span class='ocrx_word' id='word_1_9' title='bbox 167 460 298 533; x_wconf 83' lang='lat' dir='ltr'>linguam</span> <span class='ocrx_word' id='word_1_10' title='bbox 313 477 371 514; x_wconf 91' lang='lat' dir='ltr'>non</span> <span class='ocrx_word' id='word_1_11' title='bbox 387 461 531 531; x_wconf 76' lang='lat' dir='ltr'>exprimit,</span> <span class='ocrx_word' id='word_1_12' title='bbox 547 461 627 515; x_wconf 89' lang='lat' dir='ltr'>intus</span> <span class='ocrx_word' id='word_1_13' title='bbox 650 461 775 515; x_wconf 74' lang='lat' dir='ltr'>deterior</span> <span class='ocrx_word' id='word_1_14' title='bbox 792 457 924 530; x_wconf 80' lang='lat' dir='ltr'>ignescit,</span> <span class='ocrx_word' id='word_1_15' title='bbox 941 457 1011 520; x_wconf 73' lang='lat' dir='ltr'>Act</span> <span class='ocrx_word' id='word_1_16' title='bbox 1023 457 1165 529; x_wconf 90' lang='lat' dir='ltr'>quidquid</span> <span class='ocrx_word' id='word_1_17' title='bbox 1182 477 1239 515; x_wconf 91' lang='lat' dir='ltr'>non</span> <span class='ocrx_word' id='word_1_18' title='bbox 1255 461 1410 516; x_wconf 87' lang='lat' dir='ltr'>accesserit</span> <span class='ocrx_word' id='word_1_19' title='bbox 1423 458 1538 515; x_wconf 91' lang='lat' dir='ltr'>lucrum</span> <span class='ocrx_word' id='word_1_20' title='bbox 1552 458 1804 534; x_wconf 87' lang='lat' dir='ltr'>putet.Secundas</span> 
     </span>
    </p>
   </div>
   <div class='ocr_carea' id='block_1_5' title="bbox 100 546 929 1780">
    <p class='ocr_par' dir='ltr' id='par_1_5' title="bbox 100 546 929 1780">
     <span class='ocr_line' id='line_1_5' title="bbox 103 546 928 622; baseline -0.01 -16"><span class='ocrx_word' id='word_1_21' title='bbox 103 549 237 621; x_wconf 83' lang='lat' dir='ltr'>utiratus</span> <span class='ocrx_word' id='word_1_22' title='bbox 247 548 372 622; x_wconf 90' lang='lat' dir='ltr'>quisquc</span> <span class='ocrx_word' id='word_1_23' title='bbox 384 547 606 603; x_wconf 86' lang='lat' dir='ltr'>collocutionem</span> <span class='ocrx_word' id='word_1_24' title='bbox 623 566 706 604; x_wconf 78' lang='lat' dir='ltr'>saram</span> <span class='ocrx_word' id='word_1_25' title='bbox 719 547 850 620; x_wconf 83' lang='lat' dir='ltr'>proximo</span> <span class='ocrx_word' id='word_1_26' title='bbox 862 546 928 600; x_wconf 88' lang='lat' dir='ltr'>suh-</span> 
     </span>
     <span class='ocr_line' id='line_1_6' title="bbox 101 635 928 708; baseline -0.008 -14"><span class='ocrx_word' id='word_1_27' title='bbox 101 637 208 703; x_wconf 85' lang='lat' dir='ltr'>trahat,</span> <span class='ocrx_word' id='word_1_28' title='bbox 226 642 254 692; x_wconf 87' lang='lat' dir='ltr'>et</span> <span class='ocrx_word' id='word_1_29' title='bbox 269 636 341 691; x_wconf 86' lang='lat' dir='ltr'>nihil</span> <span class='ocrx_word' id='word_1_30' title='bbox 358 637 479 690; x_wconf 87' lang='lat' dir='ltr'>dicendo</span> <span class='ocrx_word' id='word_1_31' title='bbox 495 653 584 708; x_wconf 90' lang='lat' dir='ltr'>quam</span> <span class='ocrx_word' id='word_1_32' title='bbox 603 636 641 690; x_wconf 90' lang='lat' dir='ltr'>sit</span> <span class='ocrx_word' id='word_1_33' title='bbox 656 653 774 690; x_wconf 77' lang='lat' dir='ltr'>aversus</span> <span class='ocrx_word' id='word_1_34' title='bbox 790 635 877 689; x_wconf 88' lang='lat' dir='ltr'>dicat.</span> <span class='ocrx_word' id='word_1_35' title='bbox 893 635 928 688; x_wconf 80' lang='lat' dir='ltr'>lit</span> 
     </span>
     <span class='ocr_line' id='line_1_7' title="bbox 102 722 927 797; baseline -0.006 -15"><span class='ocrx_word' id='word_1_36' title='bbox 102 742 316 797; x_wconf 85' lang='lat' dir='ltr'>nonnunquam</span> <span class='ocrx_word' id='word_1_37' title='bbox 332 724 392 778; x_wconf 76' lang='lat' dir='ltr'>hac</span> <span class='ocrx_word' id='word_1_38' title='bbox 409 723 514 778; x_wconf 80' lang='lat' dir='ltr'>silentii</span> <span class='ocrx_word' id='word_1_39' title='bbox 532 725 670 779; x_wconf 75' lang='lat' dir='ltr'>severitas</span> <span class='ocrx_word' id='word_1_40' title='bbox 690 722 850 794; x_wconf 85' lang='lat' dir='ltr'>disciplima</span> <span class='ocrx_word' id='word_1_41' title='bbox 867 723 927 777; x_wconf 90' lang='lat' dir='ltr'>dis-</span> 
     </span>
     <span class='ocr_line' id='line_1_8' title="bbox 101 811 928 890; baseline -0.007 -19"><span class='ocrx_word' id='word_1_42' title='bbox 101 815 303 890; x_wconf 87' lang='lat' dir='ltr'>pensationem</span> <span class='ocrx_word' id='word_1_43' title='bbox 319 815 403 886; x_wconf 77' lang='lat' dir='ltr'>gerit,</span> <span class='ocrx_word' id='word_1_44' title='bbox 414 814 436 866; x_wconf 90' lang='lat' dir='ltr'>si</span> <span class='ocrx_word' id='word_1_45' title='bbox 454 818 550 867; x_wconf 79' lang='lat' dir='ltr'>tomen</span> <span class='ocrx_word' id='word_1_46' title='bbox 568 812 690 867; x_wconf 71' lang='lat' dir='ltr'>sollicite</span> <span class='ocrx_word' id='word_1_47' title='bbox 704 813 732 867; x_wconf 94' lang='lat' dir='ltr'>in</span> <span class='ocrx_word' id='word_1_48' title='bbox 749 811 928 866; x_wconf 89' lang='lat' dir='ltr'>intimisdis-</span> 
     </span>
     <span class='ocr_line' id='line_1_9' title="bbox 101 902 926 974; baseline -0.011 -11"><span class='ocrx_word' id='word_1_49' title='bbox 101 905 280 963; x_wconf 80' lang='lat' dir='ltr'>cretionibus</span> <span class='ocrx_word' id='word_1_50' title='bbox 308 904 401 959; x_wconf 84' lang='lat' dir='ltr'>formu</span> <span class='ocrx_word' id='word_1_51' title='bbox 430 907 572 959; x_wconf 81' lang='lat' dir='ltr'>tencatur.</span> <span class='ocrx_word' id='word_1_52' title='bbox 603 902 819 974; x_wconf 79' lang='lat' dir='ltr'>Nonnunquam</span> <span class='ocrx_word' id='word_1_53' title='bbox 848 917 926 965; x_wconf 83' lang='lat' dir='ltr'>uero,</span> 
     </span>
     <span class='ocr_line' id='line_1_10' title="bbox 102 988 927 1050; baseline -0.006 0"><span class='ocrx_word' id='word_1_54' title='bbox 102 995 172 1050; x_wconf 93' lang='lat' dir='ltr'>dum</span> <span class='ocrx_word' id='word_1_55' title='bbox 185 1009 325 1049; x_wconf 89' lang='lat' dir='ltr'>accensus</span> <span class='ocrx_word' id='word_1_56' title='bbox 336 991 454 1048; x_wconf 90' lang='lat' dir='ltr'>animus</span> <span class='ocrx_word' id='word_1_57' title='bbox 465 1009 482 1046; x_wconf 91' lang='lat' dir='ltr'>a</span> <span class='ocrx_word' id='word_1_58' title='bbox 492 993 633 1046; x_wconf 90' lang='lat' dir='ltr'>consueta</span> <span class='ocrx_word' id='word_1_59' title='bbox 648 990 794 1045; x_wconf 90' lang='lat' dir='ltr'>locutione</span> <span class='ocrx_word' id='word_1_60' title='bbox 810 988 927 1045; x_wconf 88' lang='lat' dir='ltr'>restrin-</span> 
     </span>
     <span class='ocr_line' id='line_1_11' title="bbox 101 1077 926 1157; baseline -0.01 -18"><span class='ocrx_word' id='word_1_61' title='bbox 101 1083 191 1157; x_wconf 80' lang='lat' dir='ltr'>gitur,</span> <span class='ocrx_word' id='word_1_62' title='bbox 203 1099 255 1155; x_wconf 92' lang='lat' dir='ltr'>per</span> <span class='ocrx_word' id='word_1_63' title='bbox 269 1097 420 1137; x_wconf 91' lang='lat' dir='ltr'>accessum</span> <span class='ocrx_word' id='word_1_64' title='bbox 436 1079 578 1151; x_wconf 90' lang='lat' dir='ltr'>temporis</span> <span class='ocrx_word' id='word_1_65' title='bbox 593 1077 710 1150; x_wconf 89' lang='lat' dir='ltr'>penitus</span> <span class='ocrx_word' id='word_1_66' title='bbox 722 1096 739 1133; x_wconf 92' lang='lat' dir='ltr'>a</span> <span class='ocrx_word' id='word_1_67' title='bbox 749 1077 871 1150; x_wconf 81' lang='lat' dir='ltr'>proximi</span> <span class='ocrx_word' id='word_1_68' title='bbox 884 1077 926 1131; x_wconf 91' lang='lat' dir='ltr'>di·</span> 
     </span>
     <span class='ocr_line' id='line_1_12' title="bbox 101 1165 925 1242; baseline -0.012 -13"><span class='ocrx_word' id='word_1_69' title='bbox 101 1170 223 1229; x_wconf 87' lang='lat' dir='ltr'>lectione</span> <span class='ocrx_word' id='word_1_70' title='bbox 236 1173 397 1242; x_wconf 90' lang='lat' dir='ltr'>separatur,</span> <span class='ocrx_word' id='word_1_71' title='bbox 415 1173 443 1222; x_wconf 90' lang='lat' dir='ltr'>ct</span> <span class='ocrx_word' id='word_1_72' title='bbox 458 1167 583 1222; x_wconf 91' lang='lat' dir='ltr'>aoriorcs</span> <span class='ocrx_word' id='word_1_73' title='bbox 606 1165 717 1222; x_wconf 89' lang='lat' dir='ltr'>stimuli</span> <span class='ocrx_word' id='word_1_74' title='bbox 739 1167 775 1221; x_wconf 77' lang='lat' dir='ltr'>ail</span> <span class='ocrx_word' id='word_1_75' title='bbox 799 1170 925 1220; x_wconf 84' lang='lat' dir='ltr'>mentem</span> 
     </span>
     <span class='ocr_line' id='line_1_13' title="bbox 101 1254 929 1330; baseline -0.011 -13"><span class='ocrx_word' id='word_1_76' title='bbox 101 1254 929 1330; x_wconf 75' lang='lat' dir='ltr'>veniunt,eausaqnoqueqnaegraviuscxaspcrantoriun·</span> 
     </span>
     <span class='ocr_line' id='line_1_14' title="bbox 101 1344 925 1420; baseline -0.012 -14"><span class='ocrx_word' id='word_1_77' title='bbox 101 1353 250 1420; x_wconf 67' lang='lat' dir='ltr'>tenetque</span> <span class='ocrx_word' id='word_1_78' title='bbox 265 1346 293 1403; x_wconf 93' lang='lat' dir='ltr'>in</span> <span class='ocrx_word' id='word_1_79' title='bbox 311 1346 375 1400; x_wconf 91' lang='lat' dir='ltr'>irati</span> <span class='ocrx_word' id='word_1_80' title='bbox 392 1345 476 1399; x_wconf 89' lang='lat' dir='ltr'>oculo</span> <span class='ocrx_word' id='word_1_81' title='bbox 493 1345 648 1400; x_wconf 79' lang='lat' dir='ltr'>festucam</span> <span class='ocrx_word' id='word_1_82' title='bbox 665 1345 777 1399; x_wconf 89' lang='lat' dir='ltr'>trabem</span> <span class='ocrx_word' id='word_1_83' title='bbox 793 1344 925 1407; x_wconf 76' lang='lat' dir='ltr'>vertitur,</span> 
     </span>
     <span class='ocr_line' id='line_1_15' title="bbox 101 1431 927 1506; baseline -0.013 -9"><span class='ocrx_word' id='word_1_84' title='bbox 101 1440 171 1497; x_wconf 85' lang='lat' dir='ltr'>dum</span> <span class='ocrx_word' id='word_1_85' title='bbox 182 1438 226 1494; x_wconf 89' lang='lat' dir='ltr'>ira</span> <span class='ocrx_word' id='word_1_86' title='bbox 237 1437 266 1492; x_wconf 91' lang='lat' dir='ltr'>iu</span> <span class='ocrx_word' id='word_1_87' title='bbox 276 1435 377 1489; x_wconf 90' lang='lat' dir='ltr'>odium</span> <span class='ocrx_word' id='word_1_88' title='bbox 389 1438 583 1506; x_wconf 89' lang='lat' dir='ltr'>permutatur.</span> <span class='ocrx_word' id='word_1_89' title='bbox 593 1432 765 1504; x_wconf 77' lang='lat' dir='ltr'>Plerumque</span> <span class='ocrx_word' id='word_1_90' title='bbox 778 1432 819 1487; x_wconf 92' lang='lat' dir='ltr'>ira</span> <span class='ocrx_word' id='word_1_91' title='bbox 830 1449 881 1504; x_wconf 91' lang='lat' dir='ltr'>per</span> <span class='ocrx_word' id='word_1_92' title='bbox 891 1431 927 1486; x_wconf 90' lang='lat' dir='ltr'>si-</span> 
     </span>
     <span class='ocr_line' id='line_1_16' title="bbox 100 1521 927 1591; baseline -0.011 -7"><span class='ocrx_word' id='word_1_93' title='bbox 100 1527 225 1584; x_wconf 88' lang='lat' dir='ltr'>lentium</span> <span class='ocrx_word' id='word_1_94' title='bbox 237 1523 337 1580; x_wconf 84' lang='lat' dir='ltr'>clausa</span> <span class='ocrx_word' id='word_1_95' title='bbox 347 1522 424 1577; x_wconf 87' lang='lat' dir='ltr'>intra</span> <span class='ocrx_word' id='word_1_96' title='bbox 436 1527 563 1578; x_wconf 89' lang='lat' dir='ltr'>mentem</span> <span class='ocrx_word' id='word_1_97' title='bbox 575 1521 927 1591; x_wconf 83' lang='lat' dir='ltr'>vehementiusmstuat‚et</span> 
     </span>
     <span class='ocr_line' id='line_1_17' title="bbox 100 1610 925 1682; baseline -0.01 -9"><span class='ocrx_word' id='word_1_98' title='bbox 100 1611 341 1677; x_wconf 84' lang='lat' dir='ltr'>clamosastaeita</span> <span class='ocrx_word' id='word_1_99' title='bbox 351 1628 435 1666; x_wconf 83' lang='lat' dir='ltr'>voces</span> <span class='ocrx_word' id='word_1_100' title='bbox 447 1610 722 1666; x_wconf 79' lang='lat' dir='ltr'>lormatl&#39;erbasihi</span> <span class='ocrx_word' id='word_1_101' title='bbox 730 1611 925 1682; x_wconf 84' lang='lat' dir='ltr'>quibuscxas-</span> 
     </span>
     <span class='ocr_line' id='line_1_18' title="bbox 100 1699 927 1780; baseline -0.011 -18"><span class='ocrx_word' id='word_1_102' title='bbox 100 1700 459 1780; x_wconf 83' lang='lat' dir='ltr'>paraturobjieit,etqunsi</span> <span class='ocrx_word' id='word_1_103' title='bbox 468 1701 496 1755; x_wconf 92' lang='lat' dir='ltr'>in</span> <span class='ocrx_word' id='word_1_104' title='bbox 508 1716 602 1755; x_wconf 82' lang='lat' dir='ltr'>causac</span> <span class='ocrx_word' id='word_1_105' title='bbox 616 1699 749 1755; x_wconf 85' lang='lat' dir='ltr'>examine</span> <span class='ocrx_word' id='word_1_106' title='bbox 758 1699 862 1771; x_wconf 90' lang='lat' dir='ltr'>posita,</span> <span class='ocrx_word' id='word_1_107' title='bbox 875 1700 927 1754; x_wconf 93' lang='lat' dir='ltr'>du-</span> 
     </span>
    </p>
   </div>
   <div class='ocr_carea' id='block_1_6' title="bbox 981 547 1806 1773">
    <p class='ocr_par' dir='ltr' id='par_1_6' title="bbox 981 547 1804 1416">
     <span class='ocr_line' id='line_1_19' title="bbox 982 547 1803 615; baseline 0.006 -17"><span class='ocrx_word' id='word_1_108' title='bbox 982 549 1080 600; x_wconf 91' lang='lat' dir='ltr'>autem</span> <span class='ocrx_word' id='word_1_109' title='bbox 1096 548 1242 603; x_wconf 80' lang='lat' dir='ltr'>servande</span> <span class='ocrx_word' id='word_1_110' title='bbox 1258 547 1494 604; x_wconf 90' lang='lat' dir='ltr'>mansuetudinis</span> <span class='ocrx_word' id='word_1_111' title='bbox 1511 549 1617 605; x_wconf 90' lang='lat' dir='ltr'>modus</span> <span class='ocrx_word' id='word_1_112' title='bbox 1632 552 1730 615; x_wconf 89' lang='lat' dir='ltr'>est,ut</span> <span class='ocrx_word' id='word_1_113' title='bbox 1743 564 1803 611; x_wconf 77' lang='lat' dir='ltr'>curn</span> 
     </span>
     <span class='ocr_line' id='line_1_20' title="bbox 982 632 1804 709; baseline 0.007 -22"><span class='ocrx_word' id='word_1_114' title='bbox 982 632 1092 690; x_wconf 89' lang='lat' dir='ltr'>alienos</span> <span class='ocrx_word' id='word_1_115' title='bbox 1108 653 1244 692; x_wconf 79' lang='lat' dir='ltr'>excessus</span> <span class='ocrx_word' id='word_1_116' title='bbox 1260 637 1431 709; x_wconf 80' lang='lat' dir='ltr'>aspicimus,</span> <span class='ocrx_word' id='word_1_117' title='bbox 1448 642 1548 693; x_wconf 88' lang='lat' dir='ltr'>nostra</span> <span class='ocrx_word' id='word_1_118' title='bbox 1573 636 1686 709; x_wconf 91' lang='lat' dir='ltr'>quibus</span> <span class='ocrx_word' id='word_1_119' title='bbox 1699 637 1730 695; x_wconf 90' lang='lat' dir='ltr'>in</span> <span class='ocrx_word' id='word_1_120' title='bbox 1747 636 1804 693; x_wconf 88' lang='lat' dir='ltr'>aliis</span> 
     </span>
     <span class='ocr_line' id='line_1_21' title="bbox 982 724 1803 798; baseline 0.007 -23"><span class='ocrx_word' id='word_1_121' title='bbox 982 724 1160 779; x_wconf 83' lang='lat' dir='ltr'>excessimus</span> <span class='ocrx_word' id='word_1_122' title='bbox 1184 724 1291 780; x_wconf 83' lang='lat' dir='ltr'>doliola</span> <span class='ocrx_word' id='word_1_123' title='bbox 1307 725 1479 798; x_wconf 77' lang='lat' dir='ltr'>cogitemus.</span> <span class='ocrx_word' id='word_1_124' title='bbox 1496 725 1690 781; x_wconf 72' lang='lat' dir='ltr'>Considerata</span> <span class='ocrx_word' id='word_1_125' title='bbox 1704 725 1803 798; x_wconf 88' lang='lat' dir='ltr'>quippe</span> 
     </span>
     <span class='ocr_line' id='line_1_22' title="bbox 982 810 1804 885; baseline 0.009 -21"><span class='ocrx_word' id='word_1_126' title='bbox 982 810 1261 885; x_wconf 81' lang='lat' dir='ltr'>infirmitaspropria</span> <span class='ocrx_word' id='word_1_127' title='bbox 1271 812 1348 868; x_wconf 87' lang='lat' dir='ltr'>mala</span> <span class='ocrx_word' id='word_1_128' title='bbox 1359 813 1443 869; x_wconf 90' lang='lat' dir='ltr'>nobis</span> <span class='ocrx_word' id='word_1_129' title='bbox 1454 816 1575 869; x_wconf 84' lang='lat' dir='ltr'>excusat</span> <span class='ocrx_word' id='word_1_130' title='bbox 1586 811 1804 871; x_wconf 88' lang='lat' dir='ltr'>aliena.Patien·</span> 
     </span>
     <span class='ocr_line' id='line_1_23' title="bbox 982 899 1804 974; baseline 0.001 -20"><span class='ocrx_word' id='word_1_131' title='bbox 982 903 1165 972; x_wconf 89' lang='lat' dir='ltr'>ternumque</span> <span class='ocrx_word' id='word_1_132' title='bbox 1181 900 1291 957; x_wconf 90' lang='lat' dir='ltr'>illatam</span> <span class='ocrx_word' id='word_1_133' title='bbox 1307 901 1447 974; x_wconf 83' lang='lat' dir='ltr'>injuriam</span> <span class='ocrx_word' id='word_1_134' title='bbox 1471 901 1588 968; x_wconf 83' lang='lat' dir='ltr'>tolerat,</span> <span class='ocrx_word' id='word_1_135' title='bbox 1605 900 1658 973; x_wconf 93' lang='lat' dir='ltr'>qui</span> <span class='ocrx_word' id='word_1_136' title='bbox 1678 899 1804 969; x_wconf 80' lang='lat' dir='ltr'>meminit</span> 
     </span>
     <span class='ocr_line' id='line_1_24' title="bbox 982 988 1804 1062; baseline 0.001 -18"><span class='ocrx_word' id='word_1_137' title='bbox 982 989 1058 1061; x_wconf 90' lang='lat' dir='ltr'>quod</span> <span class='ocrx_word' id='word_1_138' title='bbox 1071 991 1193 1046; x_wconf 83' lang='lat' dir='ltr'>tortasse</span> <span class='ocrx_word' id='word_1_139' title='bbox 1204 990 1300 1046; x_wconf 90' lang='lat' dir='ltr'>adhuc</span> <span class='ocrx_word' id='word_1_140' title='bbox 1311 990 1419 1046; x_wconf 88' lang='lat' dir='ltr'>babeat</span> <span class='ocrx_word' id='word_1_141' title='bbox 1431 990 1460 1046; x_wconf 93' lang='lat' dir='ltr'>in</span> <span class='ocrx_word' id='word_1_142' title='bbox 1472 1007 1530 1062; x_wconf 92' lang='lat' dir='ltr'>quo</span> <span class='ocrx_word' id='word_1_143' title='bbox 1546 989 1654 1047; x_wconf 91' lang='lat' dir='ltr'>dehent</span> <span class='ocrx_word' id='word_1_144' title='bbox 1670 989 1736 1061; x_wconf 89' lang='lat' dir='ltr'>ipse</span> <span class='ocrx_word' id='word_1_145' title='bbox 1744 988 1804 1047; x_wconf 87' lang='lat' dir='ltr'>tele-</span> 
     </span>
     <span class='ocr_line' id='line_1_25' title="bbox 981 1075 1803 1150; baseline 0.005 -21"><span class='ocrx_word' id='word_1_146' title='bbox 981 1075 1050 1131; x_wconf 88' lang='lat' dir='ltr'>rari.</span> <span class='ocrx_word' id='word_1_147' title='bbox 1062 1076 1097 1130; x_wconf 77' lang='lat' dir='ltr'>lit</span> <span class='ocrx_word' id='word_1_148' title='bbox 1107 1076 1190 1148; x_wconf 90' lang='lat' dir='ltr'>quasi</span> <span class='ocrx_word' id='word_1_149' title='bbox 1202 1094 1279 1149; x_wconf 89' lang='lat' dir='ltr'>aqua</span> <span class='ocrx_word' id='word_1_150' title='bbox 1289 1078 1368 1149; x_wconf 83' lang='lat' dir='ltr'>iguis</span> <span class='ocrx_word' id='word_1_151' title='bbox 1378 1076 1661 1150; x_wconf 78' lang='lat' dir='ltr'>exstinguitur,cum</span> <span class='ocrx_word' id='word_1_152' title='bbox 1672 1081 1803 1150; x_wconf 85' lang='lat' dir='ltr'>surgente</span> 
     </span>
     <span class='ocr_line' id='line_1_26' title="bbox 982 1163 1802 1239; baseline 0.004 -21"><span class='ocrx_word' id='word_1_153' title='bbox 982 1163 1077 1219; x_wconf 81' lang='lat' dir='ltr'>lurore</span> <span class='ocrx_word' id='word_1_154' title='bbox 1089 1166 1177 1220; x_wconf 92' lang='lat' dir='ltr'>animi</span> <span class='ocrx_word' id='word_1_155' title='bbox 1191 1183 1245 1221; x_wconf 90' lang='lat' dir='ltr'>sua</span> <span class='ocrx_word' id='word_1_156' title='bbox 1254 1166 1539 1238; x_wconf 88' lang='lat' dir='ltr'>cuiqueudmentem</span> <span class='ocrx_word' id='word_1_157' title='bbox 1549 1166 1638 1239; x_wconf 90' lang='lat' dir='ltr'>culpa</span> <span class='ocrx_word' id='word_1_158' title='bbox 1647 1172 1802 1234; x_wconf 81' lang='lat' dir='ltr'>revocatur,</span> 
     </span>
     <span class='ocr_line' id='line_1_27' title="bbox 982 1253 1803 1328; baseline 0.006 -21"><span class='ocrx_word' id='word_1_159' title='bbox 982 1253 1050 1325; x_wconf 87' lang='lat' dir='ltr'>quia</span> <span class='ocrx_word' id='word_1_160' title='bbox 1064 1254 1210 1310; x_wconf 88' lang='lat' dir='ltr'>erubescit</span> <span class='ocrx_word' id='word_1_161' title='bbox 1224 1261 1341 1327; x_wconf 90' lang='lat' dir='ltr'>peccato</span> <span class='ocrx_word' id='word_1_162' title='bbox 1357 1273 1414 1310; x_wconf 90' lang='lat' dir='ltr'>non</span> <span class='ocrx_word' id='word_1_163' title='bbox 1430 1255 1621 1328; x_wconf 87' lang='lat' dir='ltr'>parce1·c,qui</span> <span class='ocrx_word' id='word_1_164' title='bbox 1636 1256 1681 1311; x_wconf 87' lang='lat' dir='ltr'>vel</span> <span class='ocrx_word' id='word_1_165' title='bbox 1698 1256 1803 1312; x_wconf 82' lang='lat' dir='ltr'>Deorel</span> 
     </span>
     <span class='ocr_line' id='line_1_28' title="bbox 981 1341 1645 1416; baseline 0.002 -19"><span class='ocrx_word' id='word_1_166' title='bbox 981 1341 1112 1415; x_wconf 81' lang='lat' dir='ltr'>proximo</span> <span class='ocrx_word' id='word_1_167' title='bbox 1128 1360 1203 1416; x_wconf 79' lang='lat' dir='ltr'>sepe</span> <span class='ocrx_word' id='word_1_168' title='bbox 1219 1342 1320 1398; x_wconf 91' lang='lat' dir='ltr'>recolit</span> <span class='ocrx_word' id='word_1_169' title='bbox 1335 1346 1480 1416; x_wconf 87' lang='lat' dir='ltr'>parcenda</span> <span class='ocrx_word' id='word_1_170' title='bbox 1496 1361 1645 1416; x_wconf 83' lang='lat' dir='ltr'>peccasse.</span> 
     </span>
    </p>

    <p class='ocr_par' dir='ltr' id='par_1_7' title="bbox 981 1431 1806 1773">
     <span class='ocr_line' id='line_1_29' title="bbox 1017 1431 1805 1506; baseline 0.003 -19"><span class='ocrx_word' id='word_1_171' title='bbox 1017 1432 1071 1487; x_wconf 89' lang='lat' dir='ltr'>Sed</span> <span class='ocrx_word' id='word_1_172' title='bbox 1088 1431 1165 1486; x_wconf 90' lang='lat' dir='ltr'>inter</span> <span class='ocrx_word' id='word_1_173' title='bbox 1184 1433 1243 1487; x_wconf 78' lang='lat' dir='ltr'>hee</span> <span class='ocrx_word' id='word_1_174' title='bbox 1264 1432 1385 1488; x_wconf 80' lang='lat' dir='ltr'>solerter</span> <span class='ocrx_word' id='word_1_175' title='bbox 1409 1433 1562 1488; x_wconf 83' lang='lat' dir='ltr'>sciendum</span> <span class='ocrx_word' id='word_1_176' title='bbox 1586 1440 1643 1503; x_wconf 88' lang='lat' dir='ltr'>est,</span> <span class='ocrx_word' id='word_1_177' title='bbox 1658 1434 1738 1506; x_wconf 89' lang='lat' dir='ltr'>quod</span> <span class='ocrx_word' id='word_1_178' title='bbox 1753 1434 1805 1489; x_wconf 84' lang='lat' dir='ltr'>ulia</span> 
     </span>
     <span class='ocr_line' id='line_1_30' title="bbox 981 1521 1805 1594; baseline 0.002 -16"><span class='ocrx_word' id='word_1_179' title='bbox 981 1526 1026 1578; x_wconf 89' lang='lat' dir='ltr'>est</span> <span class='ocrx_word' id='word_1_180' title='bbox 1040 1521 1082 1576; x_wconf 90' lang='lat' dir='ltr'>ira</span> <span class='ocrx_word' id='word_1_181' title='bbox 1097 1538 1185 1593; x_wconf 89' lang='lat' dir='ltr'>quam</span> <span class='ocrx_word' id='word_1_182' title='bbox 1202 1522 1387 1593; x_wconf 88' lang='lat' dir='ltr'>impatientia</span> <span class='ocrx_word' id='word_1_183' title='bbox 1401 1523 1517 1590; x_wconf 84' lang='lat' dir='ltr'>excitat,</span> <span class='ocrx_word' id='word_1_184' title='bbox 1534 1522 1593 1578; x_wconf 83' lang='lat' dir='ltr'>alie</span> <span class='ocrx_word' id='word_1_185' title='bbox 1619 1539 1710 1594; x_wconf 83' lang='lat' dir='ltr'>quara</span> <span class='ocrx_word' id='word_1_186' title='bbox 1731 1522 1805 1580; x_wconf 79' lang='lat' dir='ltr'>aelus</span> 
     </span>
     <span class='ocr_line' id='line_1_31' title="bbox 981 1610 1806 1686; baseline 0.002 -22"><span class='ocrx_word' id='word_1_187' title='bbox 981 1610 1095 1665; x_wconf 81' lang='lat' dir='ltr'>format</span> <span class='ocrx_word' id='word_1_188' title='bbox 1115 1610 1167 1666; x_wconf 89' lang='lat' dir='ltr'>llla</span> <span class='ocrx_word' id='word_1_189' title='bbox 1182 1610 1309 1677; x_wconf 76' lang='lat' dir='ltr'>ervitio,</span> <span class='ocrx_word' id='word_1_190' title='bbox 1326 1610 1386 1666; x_wconf 79' lang='lat' dir='ltr'>hac</span> <span class='ocrx_word' id='word_1_191' title='bbox 1401 1628 1436 1666; x_wconf 85' lang='lat' dir='ltr'>ex</span> <span class='ocrx_word' id='word_1_192' title='bbox 1460 1611 1569 1667; x_wconf 77' lang='lat' dir='ltr'>uirtute</span> <span class='ocrx_word' id='word_1_193' title='bbox 1594 1617 1764 1686; x_wconf 79' lang='lat' dir='ltr'>generatur.</span> <span class='ocrx_word' id='word_1_194' title='bbox 1779 1613 1806 1668; x_wconf 92' lang='lat' dir='ltr'>Si</span> 
     </span>
     <span class='ocr_line' id='line_1_32' title="bbox 981 1697 1805 1773; baseline 0 -18"><span class='ocrx_word' id='word_1_195' title='bbox 981 1698 1059 1755; x_wconf 89' lang='lat' dir='ltr'>enim</span> <span class='ocrx_word' id='word_1_196' title='bbox 1080 1697 1160 1755; x_wconf 91' lang='lat' dir='ltr'>nulla</span> <span class='ocrx_word' id='word_1_197' title='bbox 1171 1699 1213 1754; x_wconf 93' lang='lat' dir='ltr'>irn</span> <span class='ocrx_word' id='word_1_198' title='bbox 1224 1700 1375 1756; x_wconf 81' lang='lat' dir='ltr'>exvirtute</span> <span class='ocrx_word' id='word_1_199' title='bbox 1391 1705 1533 1773; x_wconf 78' lang='lat' dir='ltr'>surgeret,</span> <span class='ocrx_word' id='word_1_200' title='bbox 1551 1699 1657 1756; x_wconf 81' lang='lat' dir='ltr'>divinae</span> <span class='ocrx_word' id='word_1_201' title='bbox 1674 1699 1805 1758; x_wconf 88' lang='lat' dir='ltr'>animad-</span> 
     </span>
    </p>
   </div>
   <div class='ocr_carea' id='block_1_7' title="bbox 100 1782 1807 1888">
    <p class='ocr_par' dir='ltr' id='par_1_8' title="bbox 100 1782 1807 1888">
     <span class='ocr_line' id='line_1_33' title="bbox 100 1782 1807 1888; baseline -0.001 -40"><span class='ocrx_word' id='word_1_202' title='bbox 100 1782 163 1869; x_wconf 74' lang='lat' dir='ltr'>rius</span> <span class='ocrx_word' id='word_1_203' title='bbox 177 1793 348 1865; x_wconf 88' lang='lat' dir='ltr'>exasperata</span> <span class='ocrx_word' id='word_1_204' title='bbox 369 1790 536 1860; x_wconf 87' lang='lat' dir='ltr'>respondet,</span> <span class='ocrx_word' id='word_1_205' title='bbox 553 1788 629 1860; x_wconf 88' lang='lat' dir='ltr'>quod</span> <span class='ocrx_word' id='word_1_206' title='bbox 648 1787 785 1843; x_wconf 84' lang='lat' dir='ltr'>Salomon</span> <span class='ocrx_word' id='word_1_207' title='bbox 802 1789 927 1843; x_wconf 85' lang='lat' dir='ltr'>breviter</span> <span class='ocrx_word' id='word_1_208' title='bbox 941 1824 965 1888; x_wconf 78' lang='lat' dir='ltr'><strong>B</strong></span> <span class='ocrx_word' id='word_1_209' title='bbox 981 1788 1122 1844; x_wconf 82' lang='lat' dir='ltr'>versionis</span> <span class='ocrx_word' id='word_1_210' title='bbox 1133 1788 1276 1860; x_wconf 89' lang='lat' dir='ltr'>impetum</span> <span class='ocrx_word' id='word_1_211' title='bbox 1287 1787 1411 1844; x_wconf 86' lang='lat' dir='ltr'>Phinees</span> <span class='ocrx_word' id='word_1_212' title='bbox 1421 1805 1473 1861; x_wconf 88' lang='lat' dir='ltr'>per</span> <span class='ocrx_word' id='word_1_213' title='bbox 1484 1787 1618 1861; x_wconf 86' lang='lat' dir='ltr'>gladium</span> <span class='ocrx_word' id='word_1_214' title='bbox 1631 1806 1689 1847; x_wconf 90' lang='lat' dir='ltr'>nou</span> <span class='ocrx_word' id='word_1_215' title='bbox 1702 1789 1807 1864; x_wconf 80' lang='lat' dir='ltr'>placas</span> 
     </span>
    </p>
   </div>
   <div class='ocr_carea' id='block_1_8' title="bbox 99 1878 926 3021">
    <p class='ocr_par' dir='ltr' id='par_1_9' title="bbox 99 1878 926 3021">
     <span class='ocr_line' id='line_1_34' title="bbox 100 1878 923 1950; baseline -0.011 -9"><span class='ocrx_word' id='word_1_216' title='bbox 100 1883 232 1941; x_wconf 83' lang='lat' dir='ltr'>insinuat</span> <span class='ocrx_word' id='word_1_217' title='bbox 246 1879 347 1935; x_wconf 86' lang='lat' dir='ltr'>dicens</span> <span class='ocrx_word' id='word_1_218' title='bbox 364 1895 370 1932; x_wconf 92' lang='lat'>:</span> <span class='ocrx_word' id='word_1_219' title='bbox 388 1879 557 1935; x_wconf 78' lang='lat' dir='ltr'>Parstotctio</span> <span class='ocrx_word' id='word_1_220' title='bbox 577 1879 726 1949; x_wconf 84' lang='lat' dir='ltr'>impiorum</span> <span class='ocrx_word' id='word_1_221' title='bbox 739 1880 819 1950; x_wconf 67' lang='lat' dir='ltr'>[rerer</span> <span class='ocrx_word' id='word_1_222' title='bbox 833 1878 923 1950; x_wconf 83' lang='lat' dir='ltr'>(Pron.</span> 
     </span>
     <span class='ocr_line' id='line_1_35' title="bbox 99 1966 924 2041; baseline -0.008 -14"><span class='ocrx_word' id='word_1_223' title='bbox 99 1970 210 2040; x_wconf 74' lang='lat'>11,23).</span> <span class='ocrx_word' id='word_1_224' title='bbox 227 1969 333 2041; x_wconf 89' lang='lat' dir='ltr'>Sicque</span> <span class='ocrx_word' id='word_1_225' title='bbox 349 1969 382 2021; x_wconf 90' lang='lat' dir='ltr'>lit</span> <span class='ocrx_word' id='word_1_226' title='bbox 395 1970 427 2021; x_wconf 91' lang='lat' dir='ltr'>ut</span> <span class='ocrx_word' id='word_1_227' title='bbox 441 1967 629 2038; x_wconf 84' lang='lat' dir='ltr'>perturbatus</span> <span class='ocrx_word' id='word_1_228' title='bbox 652 1966 769 2021; x_wconf 91' lang='lat' dir='ltr'>animus</span> <span class='ocrx_word' id='word_1_229' title='bbox 785 1967 924 2037; x_wconf 88' lang='lat' dir='ltr'>majorem</span> 
     </span>
     <span class='ocr_line' id='line_1_36' title="bbox 100 2054 925 2133; baseline -0.011 -15"><span class='ocrx_word' id='word_1_230' title='bbox 100 2058 256 2133; x_wconf 80' lang='lat' dir='ltr'>strepitum</span> <span class='ocrx_word' id='word_1_231' title='bbox 272 2056 302 2111; x_wconf 90' lang='lat' dir='ltr'>in</span> <span class='ocrx_word' id='word_1_232' title='bbox 318 2073 371 2111; x_wconf 90' lang='lat' dir='ltr'>suo</span> <span class='ocrx_word' id='word_1_233' title='bbox 387 2054 502 2111; x_wconf 90' lang='lat' dir='ltr'>silentio</span> <span class='ocrx_word' id='word_1_234' title='bbox 519 2055 709 2120; x_wconf 89' lang='lat' dir='ltr'>sontiat‚cum</span> <span class='ocrx_word' id='word_1_235' title='bbox 726 2072 792 2109; x_wconf 89' lang='lat' dir='ltr'>cum</span> <span class='ocrx_word' id='word_1_236' title='bbox 808 2055 925 2128; x_wconf 71' lang='lat' dir='ltr'>gravius</span> 
     </span>
     <span class='ocr_line' id='line_1_37' title="bbox 100 2143 924 2215; baseline -0.008 -10"><span class='ocrx_word' id='word_1_237' title='bbox 100 2145 200 2215; x_wconf 82' lang='lat' dir='ltr'>clausa</span> <span class='ocrx_word' id='word_1_238' title='bbox 211 2146 331 2200; x_wconf 86' lang='lat' dir='ltr'>llummu</span> <span class='ocrx_word' id='word_1_239' title='bbox 342 2144 735 2199; x_wconf 89' lang='lat' dir='ltr'>consumit.Undcheneante</span> <span class='ocrx_word' id='word_1_240' title='bbox 746 2143 924 2214; x_wconf 87' lang='lat' dir='ltr'>nosquidam</span> 
     </span>
     <span class='ocr_line' id='line_1_38' title="bbox 101 2231 926 2313; baseline -0.002 -24"><span class='ocrx_word' id='word_1_241' title='bbox 101 2234 218 2313; x_wconf 84' lang='lat' dir='ltr'>sapiens</span> <span class='ocrx_word' id='word_1_242' title='bbox 234 2233 328 2288; x_wconf 84' lang='lat' dir='ltr'>dixit:</span> <span class='ocrx_word' id='word_1_243' title='bbox 345 2232 542 2304; x_wconf 83' lang='lat' dir='ltr'>Cogitationes</span> <span class='ocrx_word' id='word_1_244' title='bbox 568 2231 699 2287; x_wconf 88' lang='lat' dir='ltr'>iracundi</span> <span class='ocrx_word' id='word_1_245' title='bbox 721 2233 840 2304; x_wconf 80' lang='lat' dir='ltr'>uiperea</span> <span class='ocrx_word' id='word_1_246' title='bbox 856 2237 926 2288; x_wconf 90' lang='lat' dir='ltr'>sunt</span> 
     </span>
     <span class='ocr_line' id='line_1_39' title="bbox 99 2322 922 2406; baseline -0.006 -25"><span class='ocrx_word' id='word_1_247' title='bbox 99 2323 314 2406; x_wconf 44' lang='lat' dir='ltr'>mactationes,</span> <span class='ocrx_word' id='word_1_248' title='bbox 332 2327 459 2377; x_wconf 90' lang='lat' dir='ltr'>mentem</span> <span class='ocrx_word' id='word_1_249' title='bbox 490 2322 647 2376; x_wconf 89' lang='lat' dir='ltr'>comeduut</span> <span class='ocrx_word' id='word_1_250' title='bbox 674 2326 797 2378; x_wconf 89' lang='lat' dir='ltr'>matrem</span> <span class='ocrx_word' id='word_1_251' title='bbox 828 2339 922 2377; x_wconf 90' lang='lat' dir='ltr'>suam.</span> 
     </span>
     <span class='ocr_line' id='line_1_40' title="bbox 101 2408 924 2480; baseline -0.004 -11"><span class='ocrx_word' id='word_1_252' title='bbox 101 2412 259 2470; x_wconf 80' lang='lat' dir='ltr'>Sciendum</span> <span class='ocrx_word' id='word_1_253' title='bbox 276 2427 341 2466; x_wconf 83' lang='lat' dir='ltr'>vero</span> <span class='ocrx_word' id='word_1_254' title='bbox 357 2410 492 2480; x_wconf 91' lang='lat' dir='ltr'>estquod</span> <span class='ocrx_word' id='word_1_255' title='bbox 522 2408 678 2465; x_wconf 91' lang='lat' dir='ltr'>nonnullos</span> <span class='ocrx_word' id='word_1_256' title='bbox 703 2409 746 2465; x_wconf 87' lang='lat' dir='ltr'>ira</span> <span class='ocrx_word' id='word_1_257' title='bbox 769 2411 857 2465; x_wconf 88' lang='lat' dir='ltr'>citius</span> <span class='ocrx_word' id='word_1_258' title='bbox 878 2427 924 2466; x_wconf 87' lang='lat' dir='ltr'>ac-</span> 
     </span>
     <span class='ocr_line' id='line_1_41' title="bbox 101 2498 924 2573; baseline -0.007 -14"><span class='ocrx_word' id='word_1_259' title='bbox 101 2500 209 2569; x_wconf 81' lang='lat' dir='ltr'>cendit,</span> <span class='ocrx_word' id='word_1_260' title='bbox 224 2498 340 2556; x_wconf 82' lang='lat' dir='ltr'>saeilius</span> <span class='ocrx_word' id='word_1_261' title='bbox 362 2498 470 2553; x_wconf 89' lang='lat' dir='ltr'>deserit</span> <span class='ocrx_word' id='word_1_262' title='bbox 486 2516 492 2552; x_wconf 91' lang='lat'>:</span> <span class='ocrx_word' id='word_1_263' title='bbox 511 2498 667 2554; x_wconf 90' lang='lat' dir='ltr'>nonnullos</span> <span class='ocrx_word' id='word_1_264' title='bbox 682 2515 747 2555; x_wconf 90' lang='lat' dir='ltr'>vero</span> <span class='ocrx_word' id='word_1_265' title='bbox 763 2500 844 2554; x_wconf 88' lang='lat' dir='ltr'>turdo</span> <span class='ocrx_word' id='word_1_266' title='bbox 859 2499 924 2573; x_wconf 90' lang='lat' dir='ltr'>qui·</span> 
     </span>
     <span class='ocr_line' id='line_1_42' title="bbox 101 2587 926 2660; baseline -0.007 -12"><span class='ocrx_word' id='word_1_267' title='bbox 101 2591 169 2655; x_wconf 82' lang='lat' dir='ltr'>dem</span> <span class='ocrx_word' id='word_1_268' title='bbox 184 2592 356 2654; x_wconf 83' lang='lat' dir='ltr'>commovet,</span> <span class='ocrx_word' id='word_1_269' title='bbox 369 2588 419 2642; x_wconf 89' lang='lat' dir='ltr'>sed</span> <span class='ocrx_word' id='word_1_270' title='bbox 435 2587 538 2642; x_wconf 88' lang='lat' dir='ltr'>durius</span> <span class='ocrx_word' id='word_1_271' title='bbox 554 2592 642 2643; x_wconf 86' lang='lat' dir='ltr'>tenet.</span> <span class='ocrx_word' id='word_1_272' title='bbox 655 2587 708 2642; x_wconf 77' lang='lat' dir='ltr'>dlii</span> <span class='ocrx_word' id='word_1_273' title='bbox 726 2605 864 2660; x_wconf 83' lang='lat' dir='ltr'>namque,</span> <span class='ocrx_word' id='word_1_274' title='bbox 881 2606 926 2642; x_wconf 89' lang='lat' dir='ltr'>ac·</span> 
     </span>
     <span class='ocr_line' id='line_1_43' title="bbox 101 2676 922 2749; baseline -0.004 -14"><span class='ocrx_word' id='word_1_275' title='bbox 101 2679 197 2748; x_wconf 75' lang='lat' dir='ltr'>censis</span> <span class='ocrx_word' id='word_1_276' title='bbox 213 2677 334 2734; x_wconf 79' lang='lat' dir='ltr'>calamis</span> <span class='ocrx_word' id='word_1_277' title='bbox 350 2676 472 2744; x_wconf 90' lang='lat' dir='ltr'>similes,</span> <span class='ocrx_word' id='word_1_278' title='bbox 489 2677 559 2731; x_wconf 91' lang='lat' dir='ltr'>dum</span> <span class='ocrx_word' id='word_1_279' title='bbox 580 2677 699 2732; x_wconf 78' lang='lat' dir='ltr'>uocibus</span> <span class='ocrx_word' id='word_1_280' title='bbox 727 2681 922 2749; x_wconf 88' lang='lat' dir='ltr'>perstrepunt,</span> 
     </span>
     <span class='ocr_line' id='line_1_44' title="bbox 101 2765 922 2849; baseline -0.007 -23"><span class='ocrx_word' id='word_1_281' title='bbox 101 2768 186 2849; x_wconf 86' lang='lat' dir='ltr'>quasi</span> <span class='ocrx_word' id='word_1_282' title='bbox 203 2767 346 2841; x_wconf 90' lang='lat' dir='ltr'>quosdam</span> <span class='ocrx_word' id='word_1_283' title='bbox 362 2765 544 2821; x_wconf 87' lang='lat' dir='ltr'>accensionis</span> <span class='ocrx_word' id='word_1_284' title='bbox 559 2783 618 2820; x_wconf 80' lang='lat' dir='ltr'>sue</span> <span class='ocrx_word' id='word_1_285' title='bbox 634 2766 748 2821; x_wconf 90' lang='lat' dir='ltr'>sonitus</span> <span class='ocrx_word' id='word_1_286' title='bbox 772 2766 899 2821; x_wconf 90' lang='lat' dir='ltr'>reddunt</span> <span class='ocrx_word' id='word_1_287' title='bbox 916 2783 922 2820; x_wconf 91' lang='lat'>:</span> 
     </span>
     <span class='ocr_line' id='line_1_45' title="bbox 102 2853 924 2930; baseline -0.007 -15"><span class='ocrx_word' id='word_1_288' title='bbox 102 2856 189 2917; x_wconf 87' lang='lat' dir='ltr'>citius</span> <span class='ocrx_word' id='word_1_289' title='bbox 210 2856 329 2930; x_wconf 87' lang='lat' dir='ltr'>quidem</span> <span class='ocrx_word' id='word_1_290' title='bbox 355 2854 504 2912; x_wconf 89' lang='lat' dir='ltr'>llammam</span> <span class='ocrx_word' id='word_1_291' title='bbox 530 2855 653 2919; x_wconf 84' lang='lat' dir='ltr'>faciunt,</span> <span class='ocrx_word' id='word_1_292' title='bbox 671 2856 721 2909; x_wconf 89' lang='lat' dir='ltr'>scd</span> <span class='ocrx_word' id='word_1_293' title='bbox 747 2853 879 2925; x_wconf 90' lang='lat' dir='ltr'>protinus</span> <span class='ocrx_word' id='word_1_294' title='bbox 895 2854 924 2909; x_wconf 91' lang='lat' dir='ltr'>in</span> 
     </span>
     <span class='ocr_line' id='line_1_46' title="bbox 101 2943 924 3021; baseline -0.005 -20"><span class='ocrx_word' id='word_1_295' title='bbox 101 2945 231 3021; x_wconf 66' lang='lat' dir='ltr'>tartham</span> <span class='ocrx_word' id='word_1_296' title='bbox 247 2945 418 3018; x_wconf 77' lang='lat' dir='ltr'>frigescunt.</span> <span class='ocrx_word' id='word_1_297' title='bbox 436 2943 489 2998; x_wconf 84' lang='lat' dir='ltr'>lilii</span> <span class='ocrx_word' id='word_1_298' title='bbox 515 2949 622 3012; x_wconf 87' lang='lat' dir='ltr'>autern,</span> <span class='ocrx_word' id='word_1_299' title='bbox 640 2943 727 3015; x_wconf 80' lang='lat' dir='ltr'>lignis</span> <span class='ocrx_word' id='word_1_300' title='bbox 742 2943 924 3016; x_wconf 82' lang='lat' dir='ltr'>gravioribus</span> 
     </span>
    </p>
   </div>
   <div class='ocr_carea' id='block_1_9' title="bbox 100 3031 1875 3289">
    <p class='ocr_par' dir='ltr' id='par_1_10' title="bbox 100 3031 1875 3289">
     <span class='ocr_line' id='line_1_47' title="bbox 100 3031 926 3111; baseline -0.004 -21"><span class='ocrx_word' id='word_1_301' title='bbox 100 3034 327 3111; x_wconf 73' lang='lat' dir='ltr'>durioribusque</span> <span class='ocrx_word' id='word_1_302' title='bbox 338 3050 396 3088; x_wconf 87' lang='lat' dir='ltr'>nen</span> <span class='ocrx_word' id='word_1_303' title='bbox 408 3033 549 3104; x_wconf 84' lang='lat' dir='ltr'>dispares,</span> <span class='ocrx_word' id='word_1_304' title='bbox 562 3031 764 3088; x_wconf 87' lang='lat' dir='ltr'>accensionem</span> <span class='ocrx_word' id='word_1_305' title='bbox 776 3032 849 3087; x_wconf 86' lang='lat' dir='ltr'>tardi</span> <span class='ocrx_word' id='word_1_306' title='bbox 862 3049 926 3087; x_wconf 86' lang='lat' dir='ltr'>sus·</span> 
     </span>
     <span class='ocr_line' id='line_1_48' title="bbox 101 3106 1875 3202; baseline 0.001 -23"><span class='ocrx_word' id='word_1_307' title='bbox 101 3106 224 3202; x_wconf 79' lang='lat' dir='ltr'>cipiunt,</span> <span class='ocrx_word' id='word_1_308' title='bbox 236 3123 288 3179; x_wconf 91' lang='lat' dir='ltr'>sed</span> <span class='ocrx_word' id='word_1_309' title='bbox 296 3123 409 3178; x_wconf 88' lang='lat' dir='ltr'>accensi</span> <span class='ocrx_word' id='word_1_310' title='bbox 423 3121 511 3177; x_wconf 87' lang='lat' dir='ltr'>semel</span> <span class='ocrx_word' id='word_1_311' title='bbox 524 3120 674 3177; x_wconf 79' lang='lat' dir='ltr'>difficilius</span> <span class='ocrx_word' id='word_1_312' title='bbox 685 3122 924 3194; x_wconf 81' lang='lat' dir='ltr'>exstinguuntur,</span> <span class='ocrx_word' id='word_1_313' title='bbox 979 3123 1082 3179; x_wconf 88' lang='lat' dir='ltr'>vitium</span> <span class='ocrx_word' id='word_1_314' title='bbox 1098 3122 1216 3179; x_wconf 88' lang='lat' dir='ltr'>oculum</span> <span class='ocrx_word' id='word_1_315' title='bbox 1229 3122 1337 3179; x_wconf 91' lang='lat' dir='ltr'>mentis</span> <span class='ocrx_word' id='word_1_316' title='bbox 1347 3122 1528 3192; x_wconf 61' lang='lat' dir='ltr'>excaecatus</span> <span class='ocrx_word' id='word_1_317' title='bbox 1538 3126 1637 3197; x_wconf 86' lang='lat' dir='ltr'>autem</span> <span class='ocrx_word' id='word_1_318' title='bbox 1649 3139 1702 3195; x_wconf 91' lang='lat' dir='ltr'>per</span> <span class='ocrx_word' id='word_1_319' title='bbox 1712 3123 1875 3180; x_wconf 83' lang='lat' dir='ltr'>zelun-</span> 
     </span>
     <span class='ocr_line' id='line_1_49' title="bbox 100 3191 1873 3289; baseline -0.002 -17"><span class='ocrx_word' id='word_1_320' title='bbox 100 3217 130 3273; x_wconf 83' lang='lat' dir='ltr'>et</span> <span class='ocrx_word' id='word_1_321' title='bbox 142 3213 213 3289; x_wconf 90' lang='lat' dir='ltr'>quia</span> <span class='ocrx_word' id='word_1_322' title='bbox 227 3230 258 3268; x_wconf 91' lang='lat' dir='ltr'>se</span> <span class='ocrx_word' id='word_1_323' title='bbox 274 3212 386 3267; x_wconf 90' lang='lat' dir='ltr'>tardius</span> <span class='ocrx_word' id='word_1_324' title='bbox 401 3212 431 3266; x_wconf 92' lang='lat' dir='ltr'>in</span> <span class='ocrx_word' id='word_1_325' title='bbox 447 3211 634 3283; x_wconf 83' lang='lat' dir='ltr'>asperitatem</span> <span class='ocrx_word' id='word_1_326' title='bbox 651 3212 807 3277; x_wconf 89' lang='lat' dir='ltr'>concitant,</span> <span class='ocrx_word' id='word_1_327' title='bbox 817 3191 959 3269; x_wconf 66' lang='lat' dir='ltr'>surorisC</span> <span class='ocrx_word' id='word_1_328' title='bbox 978 3212 1233 3285; x_wconf 81' lang='lat' dir='ltr'>turbatzquiaquo</span> <span class='ocrx_word' id='word_1_329' title='bbox 1242 3211 1345 3267; x_wconf 89' lang='lat' dir='ltr'>saltem</span> <span class='ocrx_word' id='word_1_330' title='bbox 1355 3211 1425 3266; x_wconf 89' lang='lat' dir='ltr'>recti</span> <span class='ocrx_word' id='word_1_331' title='bbox 1434 3209 1873 3281; x_wconf 77' lang='lat' dir='ltr'>emulationeconcutitur..</span> 
     </span>
    </p>
   </div>
   <div class='ocr_carea' id='block_1_10' title="bbox 97 3301 926 4529">
    <p class='ocr_par' dir='ltr' id='par_1_11' title="bbox 97 3301 926 4529">
     <span class='ocr_line' id='line_1_50' title="bbox 100 3301 924 3376; baseline -0.005 -15"><span class='ocrx_word' id='word_1_332' title='bbox 100 3302 148 3361; x_wconf 82' lang='lat' dir='ltr'>aui</span> <span class='ocrx_word' id='word_1_333' title='bbox 163 3303 267 3373; x_wconf 88' lang='lat' dir='ltr'>durius</span> <span class='ocrx_word' id='word_1_334' title='bbox 282 3302 379 3376; x_wconf 83' lang='lat' dir='ltr'>ignem</span> <span class='ocrx_word' id='word_1_335' title='bbox 395 3301 587 3358; x_wconf 79' lang='lat' dir='ltr'>servantdlii</span> <span class='ocrx_word' id='word_1_336' title='bbox 603 3306 713 3369; x_wconf 85' lang='lat' dir='ltr'>autom,</span> <span class='ocrx_word' id='word_1_337' title='bbox 723 3302 800 3374; x_wconf 90' lang='lat' dir='ltr'>qnod</span> <span class='ocrx_word' id='word_1_338' title='bbox 816 3305 862 3358; x_wconf 90' lang='lat' dir='ltr'>est</span> <span class='ocrx_word' id='word_1_339' title='bbox 878 3319 924 3357; x_wconf 91' lang='lat' dir='ltr'>nc·</span> 
     </span>
     <span class='ocr_line' id='line_1_51' title="bbox 100 3391 924 3468; baseline -0.006 -18"><span class='ocrx_word' id='word_1_340' title='bbox 100 3392 199 3468; x_wconf 75' lang='lat' dir='ltr'>quius,</span> <span class='ocrx_word' id='word_1_341' title='bbox 211 3396 239 3449; x_wconf 88' lang='lat' dir='ltr'>et</span> <span class='ocrx_word' id='word_1_342' title='bbox 248 3392 336 3451; x_wconf 90' lang='lat' dir='ltr'>citius</span> <span class='ocrx_word' id='word_1_343' title='bbox 347 3391 505 3447; x_wconf 79' lang='lat' dir='ltr'>iracundie</span> <span class='ocrx_word' id='word_1_344' title='bbox 521 3391 655 3446; x_wconf 86' lang='lat' dir='ltr'>llommas</span> <span class='ocrx_word' id='word_1_345' title='bbox 671 3392 859 3464; x_wconf 87' lang='lat' dir='ltr'>accipiunt‚et</span> <span class='ocrx_word' id='word_1_346' title='bbox 869 3395 924 3446; x_wconf 91' lang='lat' dir='ltr'>tar·</span> 
     </span>
     <span class='ocr_line' id='line_1_52' title="bbox 100 3479 923 3555; baseline -0.006 -16"><span class='ocrx_word' id='word_1_347' title='bbox 100 3480 168 3549; x_wconf 82' lang='lat' dir='ltr'>dius</span> <span class='ocrx_word' id='word_1_348' title='bbox 177 3480 479 3555; x_wconf 82' lang='lat' dir='ltr'>deponuntNonnulli</span> <span class='ocrx_word' id='word_1_349' title='bbox 492 3479 923 3552; x_wconf 88' lang='lat' dir='ltr'>verohasettardesuseipiunt,</span> 
     </span>
     <span class='ocr_line' id='line_1_53' title="bbox 100 3567 926 3641; baseline -0.006 -13"><span class='ocrx_word' id='word_1_350' title='bbox 100 3570 240 3637; x_wconf 74' lang='lat' dir='ltr'>eiciens</span> <span class='ocrx_word' id='word_1_351' title='bbox 264 3571 414 3627; x_wconf 90' lang='lat' dir='ltr'>amittunt.</span> <span class='ocrx_word' id='word_1_352' title='bbox 433 3570 464 3624; x_wconf 91' lang='lat' dir='ltr'>ln</span> <span class='ocrx_word' id='word_1_353' title='bbox 493 3568 601 3641; x_wconf 91' lang='lat' dir='ltr'>quibus</span> <span class='ocrx_word' id='word_1_354' title='bbox 631 3567 771 3623; x_wconf 89' lang='lat' dir='ltr'>nimirum</span> <span class='ocrx_word' id='word_1_355' title='bbox 799 3573 926 3640; x_wconf 89' lang='lat' dir='ltr'>quatuor</span> 
     </span>
     <span class='ocr_line' id='line_1_54' title="bbox 100 3656 922 3733; baseline -0.009 -16"><span class='ocrx_word' id='word_1_356' title='bbox 100 3659 197 3717; x_wconf 87' lang='lat' dir='ltr'>modis</span> <span class='ocrx_word' id='word_1_357' title='bbox 213 3660 325 3733; x_wconf 89' lang='lat' dir='ltr'>liquido</span> <span class='ocrx_word' id='word_1_358' title='bbox 338 3658 427 3714; x_wconf 90' lang='lat' dir='ltr'>lector</span> <span class='ocrx_word' id='word_1_359' title='bbox 442 3657 584 3728; x_wconf 84' lang='lat' dir='ltr'>agnoscit,</span> <span class='ocrx_word' id='word_1_360' title='bbox 601 3656 670 3728; x_wconf 89' lang='lat' dir='ltr'>quia</span> <span class='ocrx_word' id='word_1_361' title='bbox 683 3660 712 3711; x_wconf 90' lang='lat' dir='ltr'>et</span> <span class='ocrx_word' id='word_1_362' title='bbox 725 3656 762 3711; x_wconf 91' lang='lat' dir='ltr'>ad</span> <span class='ocrx_word' id='word_1_363' title='bbox 778 3656 922 3729; x_wconf 92' lang='lat' dir='ltr'>tranquil·</span> 
     </span>
     <span class='ocr_line' id='line_1_55' title="bbox 99 3744 924 3817; baseline -0.006 -13"><span class='ocrx_word' id='word_1_364' title='bbox 99 3747 192 3813; x_wconf 79' lang='lat' dir='ltr'>litatis</span> <span class='ocrx_word' id='word_1_365' title='bbox 208 3748 319 3803; x_wconf 89' lang='lat' dir='ltr'>bonum</span> <span class='ocrx_word' id='word_1_366' title='bbox 335 3744 458 3800; x_wconf 91' lang='lat' dir='ltr'>ultimus</span> <span class='ocrx_word' id='word_1_367' title='bbox 469 3744 537 3814; x_wconf 91' lang='lat' dir='ltr'>plus</span> <span class='ocrx_word' id='word_1_368' title='bbox 548 3760 635 3815; x_wconf 91' lang='lat' dir='ltr'>quam</span> <span class='ocrx_word' id='word_1_369' title='bbox 647 3745 761 3815; x_wconf 89' lang='lat' dir='ltr'>primus</span> <span class='ocrx_word' id='word_1_370' title='bbox 771 3744 924 3817; x_wconf 90' lang='lat' dir='ltr'>appropin-</span> 
     </span>
     <span class='ocr_line' id='line_1_56' title="bbox 99 3831 922 3908; baseline -0.002 -17"><span class='ocrx_word' id='word_1_371' title='bbox 99 3838 181 3908; x_wconf 81' lang='lat' dir='ltr'>quat,</span> <span class='ocrx_word' id='word_1_372' title='bbox 193 3838 221 3891; x_wconf 92' lang='lat' dir='ltr'>ct</span> <span class='ocrx_word' id='word_1_373' title='bbox 236 3835 267 3888; x_wconf 94' lang='lat' dir='ltr'>in</span> <span class='ocrx_word' id='word_1_374' title='bbox 283 3831 360 3888; x_wconf 89' lang='lat' dir='ltr'>malo</span> <span class='ocrx_word' id='word_1_375' title='bbox 376 3832 495 3904; x_wconf 91' lang='lat' dir='ltr'>quidem</span> <span class='ocrx_word' id='word_1_376' title='bbox 506 3833 668 3887; x_wconf 90' lang='lat' dir='ltr'>secundum</span> <span class='ocrx_word' id='word_1_377' title='bbox 679 3832 783 3889; x_wconf 88' lang='lat' dir='ltr'>tertius</span> <span class='ocrx_word' id='word_1_378' title='bbox 794 3838 922 3906; x_wconf 91' lang='lat' dir='ltr'>superat.</span> 
     </span>
     <span class='ocr_line' id='line_1_57' title="bbox 99 3919 923 3996; baseline -0.002 -17"><span class='ocrx_word' id='word_1_379' title='bbox 99 3921 158 3985; x_wconf 75' lang='lat' dir='ltr'>See</span> <span class='ocrx_word' id='word_1_380' title='bbox 171 3922 242 3994; x_wconf 89' lang='lat' dir='ltr'>quid</span> <span class='ocrx_word' id='word_1_381' title='bbox 258 3921 376 3996; x_wconf 88' lang='lat' dir='ltr'>prodest</span> <span class='ocrx_word' id='word_1_382' title='bbox 391 3919 628 3992; x_wconf 88' lang='lat' dir='ltr'>quodiracundia</span> <span class='ocrx_word' id='word_1_383' title='bbox 639 3922 784 3993; x_wconf 92' lang='lat' dir='ltr'>quomodo</span> <span class='ocrx_word' id='word_1_384' title='bbox 795 3925 923 3979; x_wconf 89' lang='lat' dir='ltr'>mentem</span> 
     </span>
     <span class='ocr_line' id='line_1_58' title="bbox 98 4009 925 4083; baseline 0.001 -16"><span class='ocrx_word' id='word_1_385' title='bbox 98 4013 196 4082; x_wconf 59' lang='lat' dir='ltr'>torpeat¹</span> <span class='ocrx_word' id='word_1_386' title='bbox 210 4009 347 4079; x_wconf 89' lang='lat' dir='ltr'>dicimus,</span> <span class='ocrx_word' id='word_1_387' title='bbox 363 4009 386 4066; x_wconf 93' lang='lat' dir='ltr'>si</span> <span class='ocrx_word' id='word_1_388' title='bbox 403 4026 461 4065; x_wconf 92' lang='lat' dir='ltr'>non</span> <span class='ocrx_word' id='word_1_389' title='bbox 477 4009 565 4065; x_wconf 90' lang='lat' dir='ltr'>etiam</span> <span class='ocrx_word' id='word_1_390' title='bbox 581 4010 707 4081; x_wconf 89' lang='lat' dir='ltr'>qualiter</span> <span class='ocrx_word' id='word_1_391' title='bbox 721 4011 867 4083; x_wconf 88' lang='lat' dir='ltr'>compesci</span> <span class='ocrx_word' id='word_1_392' title='bbox 878 4013 925 4068; x_wconf 79' lang='lat' dir='ltr'>de</span> 
     </span>
     <span class='ocr_line' id='line_1_59' title="bbox 99 4097 925 4174; baseline 0.002 -19"><span class='ocrx_word' id='word_1_393' title='bbox 99 4097 394 4172; x_wconf 79' lang='lat' dir='ltr'>beatexprimumust</span> <span class='ocrx_word' id='word_1_394' title='bbox 404 4098 524 4153; x_wconf 88' lang='lat' dir='ltr'>Duobus</span> <span class='ocrx_word' id='word_1_395' title='bbox 535 4098 643 4154; x_wconf 90' lang='lat' dir='ltr'>etenim</span> <span class='ocrx_word' id='word_1_396' title='bbox 654 4099 750 4155; x_wconf 90' lang='lat' dir='ltr'>modis</span> <span class='ocrx_word' id='word_1_397' title='bbox 762 4100 853 4157; x_wconf 83' lang='lat' dir='ltr'>tracta</span> <span class='ocrx_word' id='word_1_398' title='bbox 861 4117 925 4174; x_wconf 88' lang='lat' dir='ltr'>pos·</span> 
     </span>
     <span class='ocr_line' id='line_1_60' title="bbox 99 4187 925 4262; baseline 0 -17"><span class='ocrx_word' id='word_1_399' title='bbox 99 4187 196 4251; x_wconf 72' lang='lat' dir='ltr'>sidae</span> <span class='ocrx_word' id='word_1_400' title='bbox 211 4187 343 4245; x_wconf 90' lang='lat' dir='ltr'>animum</span> <span class='ocrx_word' id='word_1_401' title='bbox 360 4187 405 4243; x_wconf 91' lang='lat' dir='ltr'>ira</span> <span class='ocrx_word' id='word_1_402' title='bbox 418 4187 574 4242; x_wconf 88' lang='lat' dir='ltr'>desuescit.</span> <span class='ocrx_word' id='word_1_403' title='bbox 589 4187 705 4244; x_wconf 88' lang='lat' dir='ltr'>Primus</span> <span class='ocrx_word' id='word_1_404' title='bbox 717 4188 925 4262; x_wconf 88' lang='lat' dir='ltr'>quippecst‚ut</span> 
     </span>
     <span class='ocr_line' id='line_1_61' title="bbox 98 4275 922 4350; baseline -0.002 -15"><span class='ocrx_word' id='word_1_405' title='bbox 98 4292 183 4343; x_wconf 81' lang='lat' dir='ltr'>mens</span> <span class='ocrx_word' id='word_1_406' title='bbox 200 4275 335 4344; x_wconf 89' lang='lat' dir='ltr'>sollicita,</span> <span class='ocrx_word' id='word_1_407' title='bbox 351 4279 510 4346; x_wconf 87' lang='lat' dir='ltr'>antequam</span> <span class='ocrx_word' id='word_1_408' title='bbox 526 4292 611 4347; x_wconf 85' lang='lat' dir='ltr'>agere</span> <span class='ocrx_word' id='word_1_409' title='bbox 635 4276 777 4349; x_wconf 82' lang='lat' dir='ltr'>quidlibet</span> <span class='ocrx_word' id='word_1_410' title='bbox 791 4277 922 4350; x_wconf 88' lang='lat' dir='ltr'>incipiat,</span> 
     </span>
     <span class='ocr_line' id='line_1_62' title="bbox 97 4364 921 4439; baseline 0.005 -20"><span class='ocrx_word' id='word_1_411' title='bbox 97 4379 201 4422; x_wconf 87' lang='lat' dir='ltr'>amnes</span> <span class='ocrx_word' id='word_1_412' title='bbox 215 4364 270 4421; x_wconf 91' lang='lat' dir='ltr'>sibi</span> <span class='ocrx_word' id='word_1_413' title='bbox 287 4382 360 4437; x_wconf 88' lang='lat' dir='ltr'>quas</span> <span class='ocrx_word' id='word_1_414' title='bbox 376 4365 436 4437; x_wconf 90' lang='lat' dir='ltr'>pati</span> <span class='ocrx_word' id='word_1_415' title='bbox 453 4370 549 4437; x_wconf 90' lang='lat' dir='ltr'>potest</span> <span class='ocrx_word' id='word_1_416' title='bbox 560 4366 754 4422; x_wconf 88' lang='lat' dir='ltr'>contumelias</span> <span class='ocrx_word' id='word_1_417' title='bbox 769 4372 921 4439; x_wconf 88' lang='lat' dir='ltr'>proponat,</span> 
     </span>
     <span class='ocr_line' id='line_1_63' title="bbox 98 4453 923 4529; baseline 0.005 -21"><span class='ocrx_word' id='word_1_418' title='bbox 98 4456 244 4525; x_wconf 80' lang='lat' dir='ltr'>quatenus</span> <span class='ocrx_word' id='word_1_419' title='bbox 260 4453 463 4527; x_wconf 85' lang='lat' dir='ltr'>Redemptoris</span> <span class='ocrx_word' id='word_1_420' title='bbox 478 4454 523 4508; x_wconf 90' lang='lat' dir='ltr'>sui</span> <span class='ocrx_word' id='word_1_421' title='bbox 539 4454 646 4526; x_wconf 86' lang='lat' dir='ltr'>probra</span> <span class='ocrx_word' id='word_1_422' title='bbox 660 4456 803 4529; x_wconf 87' lang='lat' dir='ltr'>cogitans,</span> <span class='ocrx_word' id='word_1_423' title='bbox 821 4457 857 4512; x_wconf 90' lang='lat' dir='ltr'>ad</span> <span class='ocrx_word' id='word_1_424' title='bbox 873 4458 923 4512; x_wconf 85' lang='lat' dir='ltr'>ad·</span> 
     </span>
    </p>
   </div>
   <div class='ocr_carea' id='block_1_11' title="bbox 976 1875 1880 3109">
    <p class='ocr_par' dir='ltr' id='par_1_12' title="bbox 976 1875 1880 3109">
     <span class='ocr_line' id='line_1_64' title="bbox 980 1875 1808 1948; baseline 0.002 -16"><span class='ocrx_word' id='word_1_425' title='bbox 980 1881 1033 1932; x_wconf 91' lang='lat' dir='ltr'>set.</span> <span class='ocrx_word' id='word_1_426' title='bbox 1046 1877 1125 1932; x_wconf 83' lang='lat' dir='ltr'>Hanc</span> <span class='ocrx_word' id='word_1_427' title='bbox 1137 1877 1209 1932; x_wconf 89' lang='lat' dir='ltr'>iram</span> <span class='ocrx_word' id='word_1_428' title='bbox 1222 1877 1291 1948; x_wconf 88' lang='lat' dir='ltr'>quia</span> <span class='ocrx_word' id='word_1_429' title='bbox 1303 1875 1365 1932; x_wconf 90' lang='lat' dir='ltr'>Heli</span> <span class='ocrx_word' id='word_1_430' title='bbox 1381 1894 1438 1934; x_wconf 90' lang='lat' dir='ltr'>non</span> <span class='ocrx_word' id='word_1_431' title='bbox 1454 1876 1568 1944; x_wconf 83' lang='lat' dir='ltr'>habuit,</span> <span class='ocrx_word' id='word_1_432' title='bbox 1578 1882 1695 1934; x_wconf 90' lang='lat' dir='ltr'>motum</span> <span class='ocrx_word' id='word_1_433' title='bbox 1710 1884 1808 1935; x_wconf 85' lang='lat' dir='ltr'>contra</span> 
     </span>
     <span class='ocr_line' id='line_1_65' title="bbox 980 1964 1806 2037; baseline 0.002 -16"><span class='ocrx_word' id='word_1_434' title='bbox 980 1982 1011 2021; x_wconf 90' lang='lat' dir='ltr'>se</span> <span class='ocrx_word' id='word_1_435' title='bbox 1026 1964 1249 2037; x_wconf 87' lang='lat' dir='ltr'>implacabiliter</span> <span class='ocrx_word' id='word_1_436' title='bbox 1267 1981 1400 2036; x_wconf 80' lang='lat' dir='ltr'>superne</span> <span class='ocrx_word' id='word_1_437' title='bbox 1429 1965 1550 2022; x_wconf 91' lang='lat' dir='ltr'>ultionis</span> <span class='ocrx_word' id='word_1_438' title='bbox 1573 1966 1720 2022; x_wconf 79' lang='lat' dir='ltr'>excitavit.</span> <span class='ocrx_word' id='word_1_439' title='bbox 1736 1967 1806 2023; x_wconf 88' lang='lat' dir='ltr'>Nam</span> 
     </span>
     <span class='ocr_line' id='line_1_66' title="bbox 980 2054 1806 2128; baseline 0.004 -18"><span class='ocrx_word' id='word_1_440' title='bbox 980 2059 1149 2127; x_wconf 89' lang='lat' dir='ltr'>quocontra</span> <span class='ocrx_word' id='word_1_441' title='bbox 1164 2054 1349 2111; x_wconf 90' lang='lat' dir='ltr'>subditorum</span> <span class='ocrx_word' id='word_1_442' title='bbox 1365 2054 1436 2110; x_wconf 78' lang='lat' dir='ltr'>vitia</span> <span class='ocrx_word' id='word_1_443' title='bbox 1450 2054 1554 2128; x_wconf 88' lang='lat' dir='ltr'>tepuit,</span> <span class='ocrx_word' id='word_1_444' title='bbox 1563 2072 1597 2110; x_wconf 91' lang='lat' dir='ltr'>ee</span> <span class='ocrx_word' id='word_1_445' title='bbox 1613 2055 1806 2113; x_wconf 83' lang='lat' dir='ltr'>contreillunr</span> 
     </span>
     <span class='ocr_line' id='line_1_67' title="bbox 980 2143 1806 2219; baseline 0.005 -22"><span class='ocrx_word' id='word_1_446' title='bbox 980 2143 1123 2198; x_wconf 87' lang='lat' dir='ltr'>districtio</span> <span class='ocrx_word' id='word_1_447' title='bbox 1152 2144 1251 2199; x_wconf 62' lang='lat' dir='ltr'>{eterni</span> <span class='ocrx_word' id='word_1_448' title='bbox 1282 2143 1402 2199; x_wconf 87' lang='lat' dir='ltr'>rectoris</span> <span class='ocrx_word' id='word_1_449' title='bbox 1431 2145 1549 2200; x_wconf 81' lang='lat' dir='ltr'>exarsit.</span> <span class='ocrx_word' id='word_1_450' title='bbox 1566 2144 1607 2200; x_wconf 88' lang='lat' dir='ltr'>De</span> <span class='ocrx_word' id='word_1_451' title='bbox 1623 2144 1680 2200; x_wconf 84' lang='lat' dir='ltr'>boc</span> <span class='ocrx_word' id='word_1_452' title='bbox 1694 2144 1739 2201; x_wconf 89' lang='lat' dir='ltr'>ira</span> <span class='ocrx_word' id='word_1_453' title='bbox 1758 2162 1806 2219; x_wconf 88' lang='lat' dir='ltr'>per</span> 
     </span>
     <span class='ocr_line' id='line_1_68' title="bbox 981 2231 1806 2308; baseline 0.004 -22"><span class='ocrx_word' id='word_1_454' title='bbox 981 2231 1167 2288; x_wconf 88' lang='lat' dir='ltr'>Psalmistam</span> <span class='ocrx_word' id='word_1_455' title='bbox 1197 2232 1326 2295; x_wconf 81' lang='lat' dir='ltr'>dicitur:</span> <span class='ocrx_word' id='word_1_456' title='bbox 1350 2234 1507 2289; x_wconf 76' lang='lat' dir='ltr'>lrtucimiai</span> <span class='ocrx_word' id='word_1_457' title='bbox 1534 2241 1560 2289; x_wconf 88' lang='lat' dir='ltr'>et</span> <span class='ocrx_word' id='word_1_458' title='bbox 1584 2234 1672 2289; x_wconf 62' lang='lat' dir='ltr'>veerte</span> <span class='ocrx_word' id='word_1_459' title='bbox 1699 2249 1806 2308; x_wconf 81' lang='lat' dir='ltr'>peccare</span> 
     </span>
     <span class='ocr_line' id='line_1_69' title="bbox 979 2322 1804 2397; baseline 0.008 -22"><span class='ocrx_word' id='word_1_460' title='bbox 979 2323 1066 2390; x_wconf 81' lang='lat' dir='ltr'>(Psoi.</span> <span class='ocrx_word' id='word_1_461' title='bbox 1082 2341 1120 2390; x_wconf 84' lang='lat' dir='ltr'>vr,</span> <span class='ocrx_word' id='word_1_462' title='bbox 1134 2322 1171 2393; x_wconf 74' lang='lat'>3).</span> <span class='ocrx_word' id='word_1_463' title='bbox 1195 2323 1277 2390; x_wconf 69' lang='lat' dir='ltr'>Queat</span> <span class='ocrx_word' id='word_1_464' title='bbox 1302 2322 1442 2378; x_wconf 89' lang='lat' dir='ltr'>nimirum</span> <span class='ocrx_word' id='word_1_465' title='bbox 1459 2340 1517 2378; x_wconf 92' lang='lat' dir='ltr'>non</span> <span class='ocrx_word' id='word_1_466' title='bbox 1532 2328 1611 2379; x_wconf 89' lang='lat' dir='ltr'>recte</span> <span class='ocrx_word' id='word_1_467' title='bbox 1626 2322 1804 2397; x_wconf 77' lang='lat' dir='ltr'>intelligunt,</span> 
     </span>
     <span class='ocr_line' id='line_1_70' title="bbox 980 2409 1805 2485; baseline 0.002 -20"><span class='ocrx_word' id='word_1_468' title='bbox 980 2409 1029 2482; x_wconf 93' lang='lat' dir='ltr'>qui</span> <span class='ocrx_word' id='word_1_469' title='bbox 1044 2410 1131 2467; x_wconf 87' lang='lat' dir='ltr'>irasci</span> <span class='ocrx_word' id='word_1_470' title='bbox 1148 2427 1201 2466; x_wconf 92' lang='lat' dir='ltr'>nos</span> <span class='ocrx_word' id='word_1_471' title='bbox 1216 2410 1300 2466; x_wconf 91' lang='lat' dir='ltr'>nobis</span> <span class='ocrx_word' id='word_1_472' title='bbox 1316 2411 1594 2479; x_wconf 88' lang='lat' dir='ltr'>tantummodo,non</span> <span class='ocrx_word' id='word_1_473' title='bbox 1608 2412 1700 2468; x_wconf 86' lang='lat' dir='ltr'>ctiam</span> <span class='ocrx_word' id='word_1_474' title='bbox 1716 2411 1805 2485; x_wconf 79' lang='lat' dir='ltr'>proxi·</span> 
     </span>
     <span class='ocr_line' id='line_1_71' title="bbox 980 2497 1805 2574; baseline 0.002 -20"><span class='ocrx_word' id='word_1_475' title='bbox 980 2497 1037 2554; x_wconf 92' lang='lat' dir='ltr'>mis</span> <span class='ocrx_word' id='word_1_476' title='bbox 1053 2498 1290 2570; x_wconf 86' lang='lat' dir='ltr'>delinquentibus</span> <span class='ocrx_word' id='word_1_477' title='bbox 1305 2498 1450 2556; x_wconf 81' lang='lat' dir='ltr'>voluntSi</span> <span class='ocrx_word' id='word_1_478' title='bbox 1460 2499 1540 2556; x_wconf 86' lang='lat' dir='ltr'>euim</span> <span class='ocrx_word' id='word_1_479' title='bbox 1556 2500 1598 2556; x_wconf 88' lang='lat' dir='ltr'>sie</span> <span class='ocrx_word' id='word_1_480' title='bbox 1613 2501 1763 2574; x_wconf 85' lang='lat' dir='ltr'>proximus</span> <span class='ocrx_word' id='word_1_481' title='bbox 1774 2505 1805 2556; x_wconf 92' lang='lat' dir='ltr'>ut</span> 
     </span>
     <span class='ocr_line' id='line_1_72' title="bbox 980 2587 1803 2660; baseline 0.001 -17"><span class='ocrx_word' id='word_1_482' title='bbox 980 2604 1033 2643; x_wconf 89' lang='lat' dir='ltr'>nos</span> <span class='ocrx_word' id='word_1_483' title='bbox 1049 2604 1147 2643; x_wconf 89' lang='lat' dir='ltr'>amare</span> <span class='ocrx_word' id='word_1_484' title='bbox 1161 2587 1358 2660; x_wconf 80' lang='lat' dir='ltr'>precipimur,</span> <span class='ocrx_word' id='word_1_485' title='bbox 1375 2593 1466 2645; x_wconf 87' lang='lat' dir='ltr'>restat</span> <span class='ocrx_word' id='word_1_486' title='bbox 1480 2593 1513 2645; x_wconf 91' lang='lat' dir='ltr'>ut</span> <span class='ocrx_word' id='word_1_487' title='bbox 1528 2589 1571 2645; x_wconf 90' lang='lat' dir='ltr'>sic</span> <span class='ocrx_word' id='word_1_488' title='bbox 1586 2605 1690 2645; x_wconf 90' lang='lat' dir='ltr'>eorum</span> <span class='ocrx_word' id='word_1_489' title='bbox 1705 2606 1803 2646; x_wconf 88' lang='lat' dir='ltr'>erran-</span> 
     </span>
     <span class='ocr_line' id='line_1_73' title="bbox 979 2676 1802 2751; baseline 0.001 -19"><span class='ocrx_word' id='word_1_490' title='bbox 979 2677 1059 2733; x_wconf 89' lang='lat' dir='ltr'>tibus</span> <span class='ocrx_word' id='word_1_491' title='bbox 1071 2676 1147 2732; x_wconf 90' lang='lat' dir='ltr'>sieut</span> <span class='ocrx_word' id='word_1_492' title='bbox 1158 2676 1267 2732; x_wconf 92' lang='lat' dir='ltr'>nostris</span> <span class='ocrx_word' id='word_1_493' title='bbox 1277 2676 1356 2732; x_wconf 82' lang='lat' dir='ltr'>vitiis</span> <span class='ocrx_word' id='word_1_494' title='bbox 1367 2676 1584 2734; x_wconf 84' lang='lat' dir='ltr'>irascamur.lie</span> <span class='ocrx_word' id='word_1_495' title='bbox 1594 2678 1650 2733; x_wconf 88' lang='lat' dir='ltr'>hue</span> <span class='ocrx_word' id='word_1_496' title='bbox 1660 2695 1712 2751; x_wconf 90' lang='lat' dir='ltr'>per</span> <span class='ocrx_word' id='word_1_497' title='bbox 1727 2677 1802 2734; x_wconf 89' lang='lat' dir='ltr'>Salo·</span> 
     </span>
     <span class='ocr_line' id='line_1_74' title="bbox 980 2765 1803 2838; baseline 0.002 -17"><span class='ocrx_word' id='word_1_498' title='bbox 980 2783 1097 2821; x_wconf 89' lang='lat' dir='ltr'>monem</span> <span class='ocrx_word' id='word_1_499' title='bbox 1113 2765 1220 2821; x_wconf 90' lang='lat' dir='ltr'>dicitur</span> <span class='ocrx_word' id='word_1_500' title='bbox 1236 2782 1242 2820; x_wconf 92' lang='lat'>:</span> <span class='ocrx_word' id='word_1_501' title='bbox 1259 2765 1352 2822; x_wconf 86' lang='lat' dir='ltr'>Melior</span> <span class='ocrx_word' id='word_1_502' title='bbox 1380 2775 1419 2823; x_wconf 78' lang='lat' dir='ltr'>eat</span> <span class='ocrx_word' id='word_1_503' title='bbox 1443 2769 1488 2823; x_wconf 85' lang='lat' dir='ltr'>ira</span> <span class='ocrx_word' id='word_1_504' title='bbox 1511 2768 1572 2822; x_wconf 78' lang='lat' dir='ltr'>risu</span> <span class='ocrx_word' id='word_1_505' title='bbox 1587 2767 1687 2835; x_wconf 74' lang='lat' dir='ltr'>(docte.</span> <span class='ocrx_word' id='word_1_506' title='bbox 1702 2783 1753 2831; x_wconf 82' lang='lat' dir='ltr'>vn,</span> <span class='ocrx_word' id='word_1_507' title='bbox 1768 2768 1803 2838; x_wconf 76' lang='lat' dir='ltr'>l),</span> 
     </span>
     <span class='ocr_line' id='line_1_75' title="bbox 979 2854 1802 2930; baseline 0 -18"><span class='ocrx_word' id='word_1_508' title='bbox 979 2856 1049 2930; x_wconf 87' lang='lat' dir='ltr'>qaia</span> <span class='ocrx_word' id='word_1_509' title='bbox 1063 2872 1114 2928; x_wconf 89' lang='lat' dir='ltr'>per</span> <span class='ocrx_word' id='word_1_510' title='bbox 1129 2855 1280 2911; x_wconf 88' lang='lat' dir='ltr'>tristitiam</span> <span class='ocrx_word' id='word_1_511' title='bbox 1295 2854 1394 2910; x_wconf 87' lang='lat' dir='ltr'>vultus</span> <span class='ocrx_word' id='word_1_512' title='bbox 1409 2856 1566 2928; x_wconf 84' lang='lat' dir='ltr'>corrigitur</span> <span class='ocrx_word' id='word_1_513' title='bbox 1576 2856 1698 2912; x_wconf 87' lang='lat' dir='ltr'>animus</span> <span class='ocrx_word' id='word_1_514' title='bbox 1712 2855 1802 2913; x_wconf 90' lang='lat' dir='ltr'>delin-</span> 
     </span>
     <span class='ocr_line' id='line_1_76' title="bbox 980 2943 1880 3019; baseline 0 -18"><span class='ocrx_word' id='word_1_515' title='bbox 980 2945 1106 3019; x_wconf 90' lang='lat' dir='ltr'>quentis.</span> <span class='ocrx_word' id='word_1_516' title='bbox 1123 2945 1163 3000; x_wconf 84' lang='lat' dir='ltr'>lie</span> <span class='ocrx_word' id='word_1_517' title='bbox 1177 2944 1233 3000; x_wconf 91' lang='lat' dir='ltr'>hae</span> <span class='ocrx_word' id='word_1_518' title='bbox 1247 2943 1353 3000; x_wconf 89' lang='lat' dir='ltr'>iterum</span> <span class='ocrx_word' id='word_1_519' title='bbox 1370 2943 1526 3001; x_wconf 87' lang='lat' dir='ltr'>Psalmista</span> <span class='ocrx_word' id='word_1_520' title='bbox 1540 2944 1583 3001; x_wconf 87' lang='lat' dir='ltr'>ait</span> <span class='ocrx_word' id='word_1_521' title='bbox 1599 2961 1605 3000; x_wconf 94' lang='lat'><strong>:</strong></span> <span class='ocrx_word' id='word_1_522' title='bbox 1625 2944 1880 3016; x_wconf 63' lang='lat' dir='ltr'>Terentianae:</span> 
     </span>
     <span class='ocr_line' id='line_1_77' title="bbox 976 3033 1876 3109; baseline -0.002 -19"><span class='ocrx_word' id='word_1_523' title='bbox 976 3050 1038 3108; x_wconf 76' lang='lat' dir='ltr'>prun</span> <span class='ocrx_word' id='word_1_524' title='bbox 1062 3037 1105 3091; x_wconf 87' lang='lat' dir='ltr'>ira</span> <span class='ocrx_word' id='word_1_525' title='bbox 1129 3035 1223 3090; x_wconf 77' lang='lat' dir='ltr'>oculus</span> <span class='ocrx_word' id='word_1_526' title='bbox 1251 3049 1327 3089; x_wconf 81' lang='lat' dir='ltr'>meus</span> <span class='ocrx_word' id='word_1_527' title='bbox 1357 3033 1442 3105; x_wconf 82' lang='lat' dir='ltr'>(Paci.</span> <span class='ocrx_word' id='word_1_528' title='bbox 1458 3050 1497 3100; x_wconf 85' lang='lat' dir='ltr'>vr,</span> <span class='ocrx_word' id='word_1_529' title='bbox 1513 3034 1552 3106; x_wconf 83' lang='lat'>8).</span> <span class='ocrx_word' id='word_1_530' title='bbox 1569 3034 1615 3090; x_wconf 88' lang='lat' dir='ltr'>lru</span> <span class='ocrx_word' id='word_1_531' title='bbox 1630 3033 1741 3109; x_wconf 89' lang='lat' dir='ltr'>quippe</span> <span class='ocrx_word' id='word_1_532' title='bbox 1755 3049 1876 3107; x_wconf 86' lang='lat' dir='ltr'>per·-</span> 
     </span>
    </p>
   </div>
   <div class='ocr_carea' id='block_1_12' title="bbox 978 3299 1875 4529">
    <p class='ocr_par' dir='ltr' id='par_1_13' title="bbox 978 3299 1875 4529">
     <span class='ocr_line' id='line_1_78' title="bbox 979 3299 1873 3375; baseline 0.001 -17"><span class='ocrx_word' id='word_1_533' title='bbox 979 3318 1013 3358; x_wconf 89' lang='lat' dir='ltr'>ea</span> <span class='ocrx_word' id='word_1_534' title='bbox 1025 3319 1088 3375; x_wconf 84' lang='lat' dir='ltr'>quae</span> <span class='ocrx_word' id='word_1_535' title='bbox 1103 3300 1159 3357; x_wconf 91' lang='lat' dir='ltr'>nisi</span> <span class='ocrx_word' id='word_1_536' title='bbox 1170 3299 1328 3373; x_wconf 90' lang='lat' dir='ltr'>tranquillo</span> <span class='ocrx_word' id='word_1_537' title='bbox 1339 3300 1425 3355; x_wconf 90' lang='lat' dir='ltr'>corde</span> <span class='ocrx_word' id='word_1_538' title='bbox 1435 3299 1544 3372; x_wconf 87' lang='lat' dir='ltr'>percipi</span> <span class='ocrx_word' id='word_1_539' title='bbox 1555 3316 1613 3356; x_wconf 93' lang='lat' dir='ltr'>non</span> <span class='ocrx_word' id='word_1_540' title='bbox 1625 3305 1726 3373; x_wconf 79' lang='lat' dir='ltr'>potest</span> <span class='ocrx_word' id='word_1_541' title='bbox 1740 3319 1873 3359; x_wconf 83' lang='lat' dir='ltr'>eeu——</span> 
     </span>
     <span class='ocr_line' id='line_1_79' title="bbox 978 3388 1871 3466; baseline -0.002 -18"><span class='ocrx_word' id='word_1_542' title='bbox 978 3388 1871 3466; x_wconf 75' lang='lat' dir='ltr'>templatiodissipatur.lpsenamquezelusrectitudinis,.</span> 
     </span>
     <span class='ocr_line' id='line_1_80' title="bbox 979 3478 1869 3554; baseline -0.002 -16"><span class='ocrx_word' id='word_1_543' title='bbox 979 3481 1049 3554; x_wconf 91' lang='lat' dir='ltr'>quia</span> <span class='ocrx_word' id='word_1_544' title='bbox 1062 3478 1268 3553; x_wconf 89' lang='lat' dir='ltr'>inquietudine</span> <span class='ocrx_word' id='word_1_545' title='bbox 1288 3482 1416 3534; x_wconf 89' lang='lat' dir='ltr'>mentem</span> <span class='ocrx_word' id='word_1_546' title='bbox 1432 3478 1533 3552; x_wconf 82' lang='lat' dir='ltr'>agitat,</span> <span class='ocrx_word' id='word_1_547' title='bbox 1549 3479 1698 3551; x_wconf 72' lang='lat' dir='ltr'>ejusmoni</span> <span class='ocrx_word' id='word_1_548' title='bbox 1713 3479 1869 3537; x_wconf 79' lang='lat' dir='ltr'>aciem-</span> 
     </span>
     <span class='ocr_line' id='line_1_81' title="bbox 978 3567 1869 3643; baseline -0.001 -17"><span class='ocrx_word' id='word_1_549' title='bbox 978 3571 1169 3634; x_wconf 85' lang='lat' dir='ltr'>obscurat,ut</span> <span class='ocrx_word' id='word_1_550' title='bbox 1181 3567 1284 3624; x_wconf 90' lang='lat' dir='ltr'>altiora</span> <span class='ocrx_word' id='word_1_551' title='bbox 1299 3568 1329 3622; x_wconf 92' lang='lat' dir='ltr'>in</span> <span class='ocrx_word' id='word_1_552' title='bbox 1345 3567 1542 3623; x_wconf 88' lang='lat' dir='ltr'>commotione</span> <span class='ocrx_word' id='word_1_553' title='bbox 1552 3585 1610 3623; x_wconf 92' lang='lat' dir='ltr'>non</span> <span class='ocrx_word' id='word_1_554' title='bbox 1623 3567 1734 3638; x_wconf 81' lang='lat' dir='ltr'>videat,</span> <span class='ocrx_word' id='word_1_555' title='bbox 1744 3578 1869 3643; x_wconf 52' lang='lat' dir='ltr'>qua</span> 
     </span>
     <span class='ocr_line' id='line_1_82' title="bbox 979 3655 1868 3730; baseline -0.003 -14"><span class='ocrx_word' id='word_1_556' title='bbox 979 3661 1052 3716; x_wconf 88' lang='lat' dir='ltr'>bene</span> <span class='ocrx_word' id='word_1_557' title='bbox 1066 3657 1148 3730; x_wconf 90' lang='lat' dir='ltr'>prius</span> <span class='ocrx_word' id='word_1_558' title='bbox 1162 3655 1321 3728; x_wconf 90' lang='lat' dir='ltr'>tranquilla</span> <span class='ocrx_word' id='word_1_559' title='bbox 1335 3656 1481 3712; x_wconf 87' lang='lat' dir='ltr'>cernebat.</span> <span class='ocrx_word' id='word_1_560' title='bbox 1498 3656 1556 3712; x_wconf 89' lang='lat' dir='ltr'>Sed</span> <span class='ocrx_word' id='word_1_561' title='bbox 1579 3655 1650 3712; x_wconf 86' lang='lat' dir='ltr'>inde</span> <span class='ocrx_word' id='word_1_562' title='bbox 1664 3656 1868 3724; x_wconf 56' lang='lat' dir='ltr'>subtilia&amp;</span> 
     </span>
     <span class='ocr_line' id='line_1_83' title="bbox 979 3744 1869 3818; baseline 0 -15"><span class='ocrx_word' id='word_1_563' title='bbox 979 3748 1015 3803; x_wconf 88' lang='lat' dir='ltr'>ad</span> <span class='ocrx_word' id='word_1_564' title='bbox 1031 3746 1090 3802; x_wconf 89' lang='lat' dir='ltr'>alta</span> <span class='ocrx_word' id='word_1_565' title='bbox 1105 3745 1344 3812; x_wconf 88' lang='lat' dir='ltr'>reducitur,unde</span> <span class='ocrx_word' id='word_1_566' title='bbox 1360 3746 1396 3800; x_wconf 89' lang='lat' dir='ltr'>nd</span> <span class='ocrx_word' id='word_1_567' title='bbox 1412 3749 1530 3818; x_wconf 88' lang='lat' dir='ltr'>tempus</span> <span class='ocrx_word' id='word_1_568' title='bbox 1545 3761 1582 3801; x_wconf 91' lang='lat' dir='ltr'>ne</span> <span class='ocrx_word' id='word_1_569' title='bbox 1594 3744 1696 3803; x_wconf 87' lang='lat' dir='ltr'>vident</span> <span class='ocrx_word' id='word_1_570' title='bbox 1710 3762 1869 3804; x_wconf 45' lang='lat' dir='ltr'>rerer-f</span> 
     </span>
     <span class='ocr_line' id='line_1_84' title="bbox 979 3833 1870 3909; baseline 0 -17"><span class='ocrx_word' id='word_1_571' title='bbox 979 3837 1107 3892; x_wconf 88' lang='lat' dir='ltr'>beratur.</span> <span class='ocrx_word' id='word_1_572' title='bbox 1125 3834 1198 3890; x_wconf 90' lang='lat' dir='ltr'>Num</span> <span class='ocrx_word' id='word_1_573' title='bbox 1214 3834 1278 3908; x_wconf 89' lang='lat' dir='ltr'>ipsa</span> <span class='ocrx_word' id='word_1_574' title='bbox 1292 3833 1364 3890; x_wconf 87' lang='lat' dir='ltr'>recti</span> <span class='ocrx_word' id='word_1_575' title='bbox 1379 3833 1526 3890; x_wconf 78' lang='lat' dir='ltr'>annulatio</span> <span class='ocrx_word' id='word_1_576' title='bbox 1542 3839 1651 3890; x_wconf 82' lang='lat' dir='ltr'>eterna</span> <span class='ocrx_word' id='word_1_577' title='bbox 1661 3840 1730 3909; x_wconf 87' lang='lat' dir='ltr'>post</span> <span class='ocrx_word' id='word_1_578' title='bbox 1739 3853 1870 3909; x_wconf 61' lang='lat' dir='ltr'>paragr</span> 
     </span>
     <span class='ocr_line' id='line_1_85' title="bbox 978 3914 1870 3996; baseline 0 -15"><span class='ocrx_word' id='word_1_579' title='bbox 978 3924 1073 3983; x_wconf 92' lang='lat' dir='ltr'>lulum</span> <span class='ocrx_word' id='word_1_580' title='bbox 1084 3923 1114 3979; x_wconf 89' lang='lat' dir='ltr'>in</span> <span class='ocrx_word' id='word_1_581' title='bbox 1130 3914 1373 3995; x_wconf 82' lang='lat' dir='ltr'>tranquillitatem</span> <span class='ocrx_word' id='word_1_582' title='bbox 1389 3921 1500 3996; x_wconf 82' lang='lat' dir='ltr'>largius</span> <span class='ocrx_word' id='word_1_583' title='bbox 1512 3922 1686 3995; x_wconf 68' lang='lat' dir='ltr'>aperitque</span> <span class='ocrx_word' id='word_1_584' title='bbox 1701 3923 1753 3980; x_wconf 89' lang='lat' dir='ltr'>hie</span> <span class='ocrx_word' id='word_1_585' title='bbox 1766 3924 1870 3980; x_wconf 61' lang='grc' dir='ltr'>ἰυ-</span> 
     </span>
     <span class='ocr_line' id='line_1_86' title="bbox 978 4010 1871 4085; baseline 0 -14"><span class='ocrx_word' id='word_1_586' title='bbox 978 4014 1069 4082; x_wconf 72' lang='lat' dir='ltr'>terimv</span> <span class='ocrx_word' id='word_1_587' title='bbox 1079 4029 1130 4085; x_wconf 91' lang='lat' dir='ltr'>per</span> <span class='ocrx_word' id='word_1_588' title='bbox 1145 4011 1372 4069; x_wconf 87' lang='lat' dir='ltr'>commotionem</span> <span class='ocrx_word' id='word_1_589' title='bbox 1385 4010 1539 4083; x_wconf 89' lang='lat' dir='ltr'>claudit,et</span> <span class='ocrx_word' id='word_1_590' title='bbox 1552 4011 1632 4068; x_wconf 89' lang='lat' dir='ltr'>unde</span> <span class='ocrx_word' id='word_1_591' title='bbox 1647 4028 1735 4070; x_wconf 89' lang='lat' dir='ltr'>mens</span> <span class='ocrx_word' id='word_1_592' title='bbox 1748 4017 1871 4083; x_wconf 73' lang='lat' dir='ltr'>tur-‘⁴</span> 
     </span>
     <span class='ocr_line' id='line_1_87' title="bbox 978 4099 1871 4173; baseline -0.001 -14"><span class='ocrx_word' id='word_1_593' title='bbox 978 4105 1066 4160; x_wconf 90' lang='lat' dir='ltr'>batur</span> <span class='ocrx_word' id='word_1_594' title='bbox 1077 4119 1113 4159; x_wconf 90' lang='lat' dir='ltr'>ne</span> <span class='ocrx_word' id='word_1_595' title='bbox 1122 4099 1298 4166; x_wconf 86' lang='lat' dir='ltr'>videat‚inde</span> <span class='ocrx_word' id='word_1_596' title='bbox 1308 4099 1424 4173; x_wconf 81' lang='lat' dir='ltr'>prolicit</span> <span class='ocrx_word' id='word_1_597' title='bbox 1438 4103 1471 4155; x_wconf 86' lang='lat' dir='ltr'>ui</span> <span class='ocrx_word' id='word_1_598' title='bbox 1485 4100 1521 4155; x_wconf 90' lang='lat' dir='ltr'>ud</span> <span class='ocrx_word' id='word_1_599' title='bbox 1536 4099 1700 4158; x_wconf 71' lang='lat' dir='ltr'>ridendum</span> <span class='ocrx_word' id='word_1_600' title='bbox 1710 4101 1871 4159; x_wconf 62' lang='lat' dir='ltr'>verina]</span> 
     </span>
     <span class='ocr_line' id='line_1_88' title="bbox 978 4187 1873 4263; baseline -0.002 -14"><span class='ocrx_word' id='word_1_601' title='bbox 978 4191 1208 4258; x_wconf 88' lang='lat' dir='ltr'>clarescat,sicut</span> <span class='ocrx_word' id='word_1_602' title='bbox 1222 4188 1384 4244; x_wconf 86' lang='lat' dir='ltr'>infirmanti</span> <span class='ocrx_word' id='word_1_603' title='bbox 1399 4187 1482 4246; x_wconf 88' lang='lat' dir='ltr'>oculo</span> <span class='ocrx_word' id='word_1_604' title='bbox 1498 4205 1566 4246; x_wconf 89' lang='lat' dir='ltr'>eum</span> <span class='ocrx_word' id='word_1_605' title='bbox 1581 4188 1740 4263; x_wconf 82' lang='lat' dir='ltr'>collyrium</span> <span class='ocrx_word' id='word_1_606' title='bbox 1752 4191 1792 4247; x_wconf 89' lang='lat' dir='ltr'>im</span> <span class='ocrx_word' id='word_1_607' title='bbox 1829 4207 1873 4221; x_wconf 81' lang='grc'>··</span> 
     </span>
     <span class='ocr_line' id='line_1_89' title="bbox 979 4269 1875 4354; baseline -0.01 -15"><span class='ocrx_word' id='word_1_608' title='bbox 979 4280 1115 4348; x_wconf 88' lang='lat' dir='ltr'>mittitur,</span> <span class='ocrx_word' id='word_1_609' title='bbox 1131 4278 1181 4335; x_wconf 86' lang='lat' dir='ltr'>lux</span> <span class='ocrx_word' id='word_1_610' title='bbox 1211 4278 1328 4350; x_wconf 86' lang='lat' dir='ltr'>penitus</span> <span class='ocrx_word' id='word_1_611' title='bbox 1357 4282 1488 4344; x_wconf 85' lang='lat' dir='ltr'>necatur,</span> <span class='ocrx_word' id='word_1_612' title='bbox 1505 4277 1556 4334; x_wconf 86' lang='lat' dir='ltr'>sed</span> <span class='ocrx_word' id='word_1_613' title='bbox 1572 4276 1643 4335; x_wconf 85' lang='lat' dir='ltr'>inde</span> <span class='ocrx_word' id='word_1_614' title='bbox 1658 4294 1726 4337; x_wconf 85' lang='lat' dir='ltr'>eam</span> <span class='ocrx_word' id='word_1_615' title='bbox 1740 4269 1875 4354; x_wconf 57' lang='lat' dir='ltr'>pos-l</span> 
     </span>
     <span class='ocr_line' id='line_1_90' title="bbox 978 4366 1875 4445; baseline -0.001 -18"><span class='ocrx_word' id='word_1_616' title='bbox 978 4368 1132 4445; x_wconf 91' lang='lat' dir='ltr'>paululum</span> <span class='ocrx_word' id='word_1_617' title='bbox 1154 4366 1295 4424; x_wconf 86' lang='lat' dir='ltr'>veraciter</span> <span class='ocrx_word' id='word_1_618' title='bbox 1319 4366 1431 4439; x_wconf 90' lang='lat' dir='ltr'>recipit,</span> <span class='ocrx_word' id='word_1_619' title='bbox 1448 4367 1528 4423; x_wconf 89' lang='lat' dir='ltr'>unde</span> <span class='ocrx_word' id='word_1_620' title='bbox 1541 4367 1620 4429; x_wconf 85' lang='lat' dir='ltr'>hanc</span> <span class='ocrx_word' id='word_1_621' title='bbox 1634 4368 1672 4425; x_wconf 85' lang='lat' dir='ltr'>ad</span> <span class='ocrx_word' id='word_1_622' title='bbox 1688 4372 1790 4443; x_wconf 84' lang='lat' dir='ltr'>tempu</span> <span class='ocrx_word' id='word_1_623' title='bbox 1857 4369 1875 4409; x_wconf 67' lang='lat'>³</span> 
     </span>
     <span class='ocr_line' id='line_1_91' title="bbox 978 4455 1875 4529; baseline -0.002 -13"><span class='ocrx_word' id='word_1_624' title='bbox 978 4458 1134 4517; x_wconf 88' lang='lat' dir='ltr'>salubriter</span> <span class='ocrx_word' id='word_1_625' title='bbox 1150 4455 1429 4529; x_wconf 83' lang='lat' dir='ltr'>amittitNunquam</span> <span class='ocrx_word' id='word_1_626' title='bbox 1443 4472 1510 4512; x_wconf 89' lang='lat' dir='ltr'>vero</span> <span class='ocrx_word' id='word_1_627' title='bbox 1526 4456 1723 4515; x_wconf 87' lang='lat' dir='ltr'>commotioni</span> <span class='ocrx_word' id='word_1_628' title='bbox 1738 4471 1875 4515; x_wconf 58' lang='lat' dir='ltr'>eanae·</span> 
     </span>
    </p>
   </div>
   <div class='ocr_carea' id='block_1_13' title="bbox 97 4543 1877 4629">
    <p class='ocr_par' dir='ltr' id='par_1_14' title="bbox 97 4543 1877 4629">
     <span class='ocr_line' id='line_1_92' title="bbox 97 4543 1877 4629; baseline 0.004 -31"><span class='ocrx_word' id='word_1_629' title='bbox 97 4557 183 4610; x_wconf 84' lang='lat' dir='ltr'>versa</span> <span class='ocrx_word' id='word_1_630' title='bbox 192 4543 613 4617; x_wconf 80' lang='lat' dir='ltr'>tolerandasepreparet.0ure</span> <span class='ocrx_word' id='word_1_631' title='bbox 626 4544 767 4600; x_wconf 90' lang='lat' dir='ltr'>nimirum</span> <span class='ocrx_word' id='word_1_632' title='bbox 777 4545 924 4603; x_wconf 85' lang='lat' dir='ltr'>venientia</span> <span class='ocrx_word' id='word_1_633' title='bbox 939 4563 961 4629; x_wconf 84' lang='lat' dir='ltr'>p</span> <span class='ocrx_word' id='word_1_634' title='bbox 977 4546 1127 4620; x_wconf 89' lang='lat' dir='ltr'>templatio</span> <span class='ocrx_word' id='word_1_635' title='bbox 1138 4544 1285 4617; x_wconf 85' lang='lat' dir='ltr'>jungitur,</span> <span class='ocrx_word' id='word_1_636' title='bbox 1302 4560 1356 4600; x_wconf 90' lang='lat' dir='ltr'>nee</span> <span class='ocrx_word' id='word_1_637' title='bbox 1371 4545 1507 4618; x_wconf 77' lang='lat' dir='ltr'>prevalet</span> <span class='ocrx_word' id='word_1_638' title='bbox 1526 4561 1611 4603; x_wconf 83' lang='lat' dir='ltr'>mens</span> <span class='ocrx_word' id='word_1_639' title='bbox 1632 4547 1877 4620; x_wconf 65' lang='lat' dir='ltr'>perturbat—³</span> 
     </span>
    </p>
   </div>
   <div class='ocr_carea' id='block_1_14' title="bbox 97 4633 924 5688">
    <p class='ocr_par' dir='ltr' id='par_1_15' title="bbox 97 4633 924 5688">
     <span class='ocr_line' id='line_1_93' title="bbox 97 4633 922 4713; baseline 0.001 -23"><span class='ocrx_word' id='word_1_640' title='bbox 97 4636 180 4713; x_wconf 76' lang='lat' dir='ltr'>tantu</span> <span class='ocrx_word' id='word_1_641' title='bbox 210 4633 315 4689; x_wconf 87' lang='lat' dir='ltr'>lortius</span> <span class='ocrx_word' id='word_1_642' title='bbox 343 4633 585 4706; x_wconf 86' lang='lat' dir='ltr'>excipit,quanto</span> <span class='ocrx_word' id='word_1_643' title='bbox 609 4652 640 4690; x_wconf 91' lang='lat' dir='ltr'>se</span> <span class='ocrx_word' id='word_1_644' title='bbox 665 4636 781 4691; x_wconf 89' lang='lat' dir='ltr'>cautius</span> <span class='ocrx_word' id='word_1_645' title='bbox 798 4652 832 4691; x_wconf 87' lang='lat' dir='ltr'>ex</span> <span class='ocrx_word' id='word_1_646' title='bbox 847 4651 922 4709; x_wconf 81' lang='lat' dir='ltr'>pre-</span> 
     </span>
     <span class='ocr_line' id='line_1_94' title="bbox 98 4720 922 4796; baseline 0.004 -19"><span class='ocrx_word' id='word_1_647' title='bbox 98 4720 222 4790; x_wconf 81' lang='lat' dir='ltr'>seieptia</span> <span class='ocrx_word' id='word_1_648' title='bbox 237 4723 370 4778; x_wconf 86' lang='lat' dir='ltr'>armavit.</span> <span class='ocrx_word' id='word_1_649' title='bbox 388 4722 441 4789; x_wconf 90' lang='lat' dir='ltr'>Qui</span> <span class='ocrx_word' id='word_1_650' title='bbox 466 4723 544 4778; x_wconf 90' lang='lat' dir='ltr'>enim</span> <span class='ocrx_word' id='word_1_651' title='bbox 568 4723 749 4796; x_wconf 79' lang='lat' dir='ltr'>improuidus</span> <span class='ocrx_word' id='word_1_652' title='bbox 770 4725 806 4781; x_wconf 90' lang='lat' dir='ltr'>ab</span> <span class='ocrx_word' id='word_1_653' title='bbox 822 4726 922 4782; x_wconf 83' lang='lat' dir='ltr'>adver-</span> 
     </span>
     <span class='ocr_line' id='line_1_95' title="bbox 98 4810 924 4882; baseline 0.001 -13"><span class='ocrx_word' id='word_1_654' title='bbox 98 4811 185 4880; x_wconf 73' lang='lat' dir='ltr'>sitate</span> <span class='ocrx_word' id='word_1_655' title='bbox 200 4810 435 4881; x_wconf 89' lang='lat' dir='ltr'>deprehenditur,</span> <span class='ocrx_word' id='word_1_656' title='bbox 443 4813 527 4882; x_wconf 89' lang='lat' dir='ltr'>quasi</span> <span class='ocrx_word' id='word_1_657' title='bbox 541 4814 576 4868; x_wconf 93' lang='lat' dir='ltr'>ab</span> <span class='ocrx_word' id='word_1_658' title='bbox 592 4813 675 4869; x_wconf 89' lang='lat' dir='ltr'>hoste</span> <span class='ocrx_word' id='word_1_659' title='bbox 691 4814 924 4870; x_wconf 89' lang='lat' dir='ltr'>dormiensinve·</span> 
     </span>
     <span class='ocr_line' id='line_1_96' title="bbox 98 4899 924 4975; baseline 0.002 -18"><span class='ocrx_word' id='word_1_660' title='bbox 98 4900 317 4971; x_wconf 68' lang='lat' dir='ltr'>nituneumque</span> <span class='ocrx_word' id='word_1_661' title='bbox 333 4899 421 4953; x_wconf 90' lang='lat' dir='ltr'>eitius</span> <span class='ocrx_word' id='word_1_662' title='bbox 436 4899 573 4956; x_wconf 91' lang='lat' dir='ltr'>inimicus</span> <span class='ocrx_word' id='word_1_663' title='bbox 584 4907 677 4970; x_wconf 90' lang='lat' dir='ltr'>necat,</span> <span class='ocrx_word' id='word_1_664' title='bbox 690 4902 828 4975; x_wconf 90' lang='lat' dir='ltr'>quianon</span> <span class='ocrx_word' id='word_1_665' title='bbox 841 4919 924 4974; x_wconf 89' lang='lat' dir='ltr'>repu-</span> 
     </span>
     <span class='ocr_line' id='line_1_97' title="bbox 99 4987 923 5066; baseline -0.001 -20"><span class='ocrx_word' id='word_1_666' title='bbox 99 4994 240 5066; x_wconf 80' lang='lat' dir='ltr'>gnantem</span> <span class='ocrx_word' id='word_1_667' title='bbox 256 4987 393 5060; x_wconf 83' lang='lat' dir='ltr'>periurat.</span> <span class='ocrx_word' id='word_1_668' title='bbox 410 4987 482 5041; x_wconf 90' lang='lat' dir='ltr'>Nam</span> <span class='ocrx_word' id='word_1_669' title='bbox 499 4990 550 5060; x_wconf 90' lang='lat' dir='ltr'>qni</span> <span class='ocrx_word' id='word_1_670' title='bbox 576 4991 654 5046; x_wconf 89' lang='lat' dir='ltr'>mala</span> <span class='ocrx_word' id='word_1_671' title='bbox 675 4991 860 5047; x_wconf 89' lang='lat' dir='ltr'>imminentia</span> <span class='ocrx_word' id='word_1_672' title='bbox 871 5007 923 5063; x_wconf 90' lang='lat' dir='ltr'>per</span> 
     </span>
     <span class='ocr_line' id='line_1_98' title="bbox 100 5076 921 5152; baseline -0.007 -13"><span class='ocrx_word' id='word_1_673' title='bbox 100 5079 328 5147; x_wconf 80' lang='lat' dir='ltr'>sollicitudiuem</span> <span class='ocrx_word' id='word_1_674' title='bbox 344 5078 495 5147; x_wconf 82' lang='lat' dir='ltr'>prenotat,</span> <span class='ocrx_word' id='word_1_675' title='bbox 512 5076 633 5134; x_wconf 88' lang='lat' dir='ltr'>hostiles</span> <span class='ocrx_word' id='word_1_676' title='bbox 649 5079 785 5136; x_wconf 92' lang='lat' dir='ltr'>incursus</span> <span class='ocrx_word' id='word_1_677' title='bbox 796 5079 880 5152; x_wconf 89' lang='lat' dir='ltr'>quasi</span> <span class='ocrx_word' id='word_1_678' title='bbox 891 5080 921 5134; x_wconf 91' lang='lat' dir='ltr'>in</span> 
     </span>
     <span class='ocr_line' id='line_1_99' title="bbox 99 5165 921 5240; baseline -0.002 -13"><span class='ocrx_word' id='word_1_679' title='bbox 99 5169 216 5228; x_wconf 84' lang='lat' dir='ltr'>insidiis</span> <span class='ocrx_word' id='word_1_680' title='bbox 230 5166 354 5240; x_wconf 84' lang='lat' dir='ltr'>uigilans</span> <span class='ocrx_word' id='word_1_681' title='bbox 370 5168 527 5235; x_wconf 85' lang='lat' dir='ltr'>exspectat,</span> <span class='ocrx_word' id='word_1_682' title='bbox 538 5165 642 5222; x_wconf 90' lang='lat' dir='ltr'>etindo</span> <span class='ocrx_word' id='word_1_683' title='bbox 658 5168 694 5223; x_wconf 88' lang='lat' dir='ltr'>ad</span> <span class='ocrx_word' id='word_1_684' title='bbox 708 5168 860 5225; x_wconf 82' lang='lat' dir='ltr'>victoriam</span> <span class='ocrx_word' id='word_1_685' title='bbox 870 5186 921 5224; x_wconf 88' lang='lat' dir='ltr'>va-</span> 
     </span>
     <span class='ocr_line' id='line_1_100' title="bbox 98 5252 920 5330; baseline -0.001 -16"><span class='ocrx_word' id='word_1_686' title='bbox 98 5257 192 5325; x_wconf 85' lang='lat' dir='ltr'>lenter</span> <span class='ocrx_word' id='word_1_687' title='bbox 206 5255 378 5329; x_wconf 83' lang='lat' dir='ltr'>aeeingitur,</span> <span class='ocrx_word' id='word_1_688' title='bbox 394 5252 472 5309; x_wconf 90' lang='lat' dir='ltr'>unde</span> <span class='ocrx_word' id='word_1_689' title='bbox 496 5253 629 5310; x_wconf 86' lang='lat' dir='ltr'>nesciens</span> <span class='ocrx_word' id='word_1_690' title='bbox 645 5256 822 5326; x_wconf 86' lang='lat' dir='ltr'>deprehendi</span> <span class='ocrx_word' id='word_1_691' title='bbox 837 5260 920 5330; x_wconf 88' lang='lat' dir='ltr'>pute-</span> 
     </span>
     <span class='ocr_line' id='line_1_101' title="bbox 99 5341 920 5419; baseline -0.013 -6"><span class='ocrx_word' id='word_1_692' title='bbox 99 5345 195 5413; x_wconf 68' lang='lat' dir='ltr'>tatur.</span> <span class='ocrx_word' id='word_1_693' title='bbox 212 5345 338 5405; x_wconf 86' lang='lat' dir='ltr'>Soierter</span> <span class='ocrx_word' id='word_1_694' title='bbox 349 5359 416 5417; x_wconf 87' lang='lat' dir='ltr'>ergo</span> <span class='ocrx_word' id='word_1_695' title='bbox 431 5341 547 5399; x_wconf 90' lang='lat' dir='ltr'>animus</span> <span class='ocrx_word' id='word_1_696' title='bbox 565 5347 632 5399; x_wconf 89' lang='lat' dir='ltr'>ante</span> <span class='ocrx_word' id='word_1_697' title='bbox 645 5345 768 5401; x_wconf 89' lang='lat' dir='ltr'>aetionis</span> <span class='ocrx_word' id='word_1_698' title='bbox 784 5362 843 5402; x_wconf 78' lang='lat' dir='ltr'>suae</span> <span class='ocrx_word' id='word_1_699' title='bbox 859 5347 920 5419; x_wconf 90' lang='lat' dir='ltr'>pri·</span> 
     </span>
     <span class='ocr_line' id='line_1_102' title="bbox 100 5431 922 5508; baseline -0.002 -16"><span class='ocrx_word' id='word_1_700' title='bbox 100 5435 214 5501; x_wconf 69' lang='lat' dir='ltr'>merdin</span> <span class='ocrx_word' id='word_1_701' title='bbox 228 5439 334 5492; x_wconf 89' lang='lat' dir='ltr'>cuneta</span> <span class='ocrx_word' id='word_1_702' title='bbox 348 5435 434 5491; x_wconf 91' lang='lat' dir='ltr'>debet</span> <span class='ocrx_word' id='word_1_703' title='bbox 456 5432 577 5490; x_wconf 86' lang='lat' dir='ltr'>adversa</span> <span class='ocrx_word' id='word_1_704' title='bbox 598 5431 743 5498; x_wconf 85' lang='lat' dir='ltr'>meditari,</span> <span class='ocrx_word' id='word_1_705' title='bbox 759 5437 792 5488; x_wconf 91' lang='lat' dir='ltr'>ut</span> <span class='ocrx_word' id='word_1_706' title='bbox 806 5451 922 5508; x_wconf 87' lang='lat' dir='ltr'>semper</span> 
     </span>
     <span class='ocr_line' id='line_1_103' title="bbox 100 5519 920 5596; baseline 0 -17"><span class='ocrx_word' id='word_1_707' title='bbox 100 5519 161 5587; x_wconf 74' lang='lat' dir='ltr'>hnc</span> <span class='ocrx_word' id='word_1_708' title='bbox 175 5523 438 5596; x_wconf 71' lang='lat' dir='ltr'>cogitanssemper</span> <span class='ocrx_word' id='word_1_709' title='bbox 451 5526 552 5580; x_wconf 89' lang='lat' dir='ltr'>eontra</span> <span class='ocrx_word' id='word_1_710' title='bbox 567 5520 627 5576; x_wconf 85' lang='lat' dir='ltr'>hec</span> <span class='ocrx_word' id='word_1_711' title='bbox 644 5519 760 5576; x_wconf 90' lang='lat' dir='ltr'>thorace</span> <span class='ocrx_word' id='word_1_712' title='bbox 775 5523 920 5592; x_wconf 85' lang='lat' dir='ltr'>patientie</span> 
     </span>
     <span class='ocr_line' id='line_1_104' title="bbox 100 5607 919 5688; baseline 0.005 -22"><span class='ocrx_word' id='word_1_713' title='bbox 100 5607 244 5680; x_wconf 71' lang='lat' dir='ltr'>munitus,</span> <span class='ocrx_word' id='word_1_714' title='bbox 260 5614 290 5666; x_wconf 90' lang='lat' dir='ltr'>et</span> <span class='ocrx_word' id='word_1_715' title='bbox 302 5613 445 5686; x_wconf 89' lang='lat' dir='ltr'>quidquid</span> <span class='ocrx_word' id='word_1_716' title='bbox 462 5609 618 5673; x_wconf 82' lang='lat' dir='ltr'>accesserit</span> <span class='ocrx_word' id='word_1_717' title='bbox 634 5609 772 5686; x_wconf 89' lang='lat' dir='ltr'>providus</span> <span class='ocrx_word' id='word_1_718' title='bbox 792 5617 919 5688; x_wconf 83' lang='lat' dir='ltr'>superet,</span> 
     </span>
    </p>
   </div>
   <div class='ocr_carea' id='block_1_15' title="bbox 975 4632 1875 5691">
    <p class='ocr_par' dir='ltr' id='par_1_16' title="bbox 975 4632 1875 5691">
     <span class='ocr_line' id='line_1_105' title="bbox 977 4632 1875 4711; baseline -0.002 -15"><span class='ocrx_word' id='word_1_719' title='bbox 977 4637 1143 4711; x_wconf 89' lang='lat' dir='ltr'>conspicere</span> <span class='ocrx_word' id='word_1_720' title='bbox 1159 4635 1193 4690; x_wconf 90' lang='lat' dir='ltr'>ud</span> <span class='ocrx_word' id='word_1_721' title='bbox 1212 4634 1288 4707; x_wconf 90' lang='lat' dir='ltr'>quod</span> <span class='ocrx_word' id='word_1_722' title='bbox 1303 4632 1350 4689; x_wconf 82' lang='lat' dir='ltr'>vix</span> <span class='ocrx_word' id='word_1_723' title='bbox 1372 4633 1532 4706; x_wconf 85' lang='lat' dir='ltr'>tranquilla</span> <span class='ocrx_word' id='word_1_724' title='bbox 1559 4633 1638 4690; x_wconf 86' lang='lat' dir='ltr'>valet</span> <span class='ocrx_word' id='word_1_725' title='bbox 1665 4635 1782 4694; x_wconf 87' lang='lat' dir='ltr'>inhiare</span> <span class='ocrx_word' id='word_1_726' title='bbox 1869 4635 1875 4673; x_wconf 74' lang='lat'>²</span> 
     </span>
     <span class='ocr_line' id='line_1_106' title="bbox 977 4722 1875 4800; baseline 0 -16"><span class='ocrx_word' id='word_1_727' title='bbox 977 4727 1046 4800; x_wconf 92' lang='lat' dir='ltr'>quia</span> <span class='ocrx_word' id='word_1_728' title='bbox 1056 4742 1109 4782; x_wconf 89' lang='lat' dir='ltr'>nec</span> <span class='ocrx_word' id='word_1_729' title='bbox 1121 4723 1191 4780; x_wconf 86' lang='lat' dir='ltr'>solis</span> <span class='ocrx_word' id='word_1_730' title='bbox 1203 4722 1303 4779; x_wconf 88' lang='lat' dir='ltr'>radius</span> <span class='ocrx_word' id='word_1_731' title='bbox 1314 4722 1454 4792; x_wconf 87' lang='lat' dir='ltr'>cernitur,</span> <span class='ocrx_word' id='word_1_732' title='bbox 1466 4738 1533 4779; x_wconf 87' lang='lat' dir='ltr'>cum</span> <span class='ocrx_word' id='word_1_733' title='bbox 1544 4729 1704 4782; x_wconf 78' lang='lat' dir='ltr'>commate</span> <span class='ocrx_word' id='word_1_734' title='bbox 1714 4723 1875 4784; x_wconf 47' lang='grc' dir='ltr'>πηδῷ*</span> 
     </span>
     <span class='ocr_line' id='line_1_107' title="bbox 977 4804 1873 4887; baseline -0.004 -13"><span class='ocrx_word' id='word_1_735' title='bbox 977 4816 1040 4874; x_wconf 86' lang='lat' dir='ltr'>eceli</span> <span class='ocrx_word' id='word_1_736' title='bbox 1053 4816 1156 4872; x_wconf 87' lang='lat' dir='ltr'>taciem</span> <span class='ocrx_word' id='word_1_737' title='bbox 1169 4813 1319 4869; x_wconf 90' lang='lat' dir='ltr'>obducunt</span> <span class='ocrx_word' id='word_1_738' title='bbox 1327 4829 1334 4879; x_wconf 89' lang='lat'>;</span> <span class='ocrx_word' id='word_1_739' title='bbox 1342 4829 1394 4869; x_wconf 88' lang='lat' dir='ltr'>nee</span> <span class='ocrx_word' id='word_1_740' title='bbox 1404 4804 1873 4887; x_wconf 58' lang='lat' dir='ltr'>turbatustonerespieieniffd</span> 
     </span>
     <span class='ocr_line' id='line_1_108' title="bbox 976 4892 1868 4978; baseline -0.004 -18"><span class='ocrx_word' id='word_1_741' title='bbox 976 4906 1134 4978; x_wconf 85' lang='lat' dir='ltr'>imaginem</span> <span class='ocrx_word' id='word_1_742' title='bbox 1147 4902 1344 4973; x_wconf 89' lang='lat' dir='ltr'>reddit,quam</span> <span class='ocrx_word' id='word_1_743' title='bbox 1354 4899 1532 4973; x_wconf 89' lang='lat' dir='ltr'>tranquillus</span> <span class='ocrx_word' id='word_1_744' title='bbox 1540 4901 1659 4975; x_wconf 90' lang='lat' dir='ltr'>proprie</span> <span class='ocrx_word' id='word_1_745' title='bbox 1665 4892 1868 4971; x_wconf 51' lang='lat' dir='ltr'>ostendi*</span> 
     </span>
     <span class='ocr_line' id='line_1_109' title="bbox 977 4975 1864 5066; baseline 0 -17"><span class='ocrx_word' id='word_1_746' title='bbox 977 4993 1046 5066; x_wconf 89' lang='lat' dir='ltr'>quia</span> <span class='ocrx_word' id='word_1_747' title='bbox 1056 5010 1113 5066; x_wconf 90' lang='lat' dir='ltr'>quo</span> <span class='ocrx_word' id='word_1_748' title='bbox 1125 4993 1189 5063; x_wconf 88' lang='lat' dir='ltr'>ejus</span> <span class='ocrx_word' id='word_1_749' title='bbox 1201 4991 1280 5047; x_wconf 91' lang='lat' dir='ltr'>unda</span> <span class='ocrx_word' id='word_1_750' title='bbox 1291 4989 1425 5063; x_wconf 87' lang='lat' dir='ltr'>palpitat,</span> <span class='ocrx_word' id='word_1_751' title='bbox 1435 5006 1469 5047; x_wconf 91' lang='lat' dir='ltr'>eo</span> <span class='ocrx_word' id='word_1_752' title='bbox 1478 4989 1508 5045; x_wconf 90' lang='lat' dir='ltr'>in</span> <span class='ocrx_word' id='word_1_753' title='bbox 1521 5006 1552 5046; x_wconf 90' lang='lat' dir='ltr'>se</span> <span class='ocrx_word' id='word_1_754' title='bbox 1563 4991 1695 5063; x_wconf 88' lang='lat' dir='ltr'>speeiem</span> <span class='ocrx_word' id='word_1_755' title='bbox 1704 4975 1864 5061; x_wconf 58' lang='lat' dir='ltr'>sieff-</span> 
     </span>
     <span class='ocr_line' id='line_1_110' title="bbox 976 5078 1859 5153; baseline -0.001 -15"><span class='ocrx_word' id='word_1_756' title='bbox 976 5082 1087 5140; x_wconf 89' lang='lat' dir='ltr'>tudinis</span> <span class='ocrx_word' id='word_1_757' title='bbox 1103 5081 1309 5138; x_wconf 80' lang='lat' dir='ltr'>obscuratSed</span> <span class='ocrx_word' id='word_1_758' title='bbox 1319 5097 1387 5136; x_wconf 91' lang='lat' dir='ltr'>cum</span> <span class='ocrx_word' id='word_1_759' title='bbox 1403 5097 1455 5153; x_wconf 89' lang='lat' dir='ltr'>per</span> <span class='ocrx_word' id='word_1_760' title='bbox 1468 5078 1563 5136; x_wconf 82' lang='lat' dir='ltr'>zelum</span> <span class='ocrx_word' id='word_1_761' title='bbox 1578 5080 1704 5149; x_wconf 85' lang='lat' dir='ltr'>animus</span> <span class='ocrx_word' id='word_1_762' title='bbox 1714 5086 1859 5148; x_wconf 55' lang='lat' dir='ltr'>meu&amp;</span> 
     </span>
     <span class='ocr_line' id='line_1_111' title="bbox 976 5168 1848 5244; baseline -0.006 -18"><span class='ocrx_word' id='word_1_763' title='bbox 976 5174 1035 5240; x_wconf 89' lang='lat' dir='ltr'>tur,</span> <span class='ocrx_word' id='word_1_764' title='bbox 1048 5171 1211 5227; x_wconf 90' lang='lat' dir='ltr'>curandum</span> <span class='ocrx_word' id='word_1_765' title='bbox 1231 5183 1418 5241; x_wconf 87' lang='lat' dir='ltr'>summopere</span> <span class='ocrx_word' id='word_1_766' title='bbox 1428 5172 1483 5238; x_wconf 87' lang='lat' dir='ltr'>est,</span> <span class='ocrx_word' id='word_1_767' title='bbox 1494 5185 1531 5225; x_wconf 91' lang='lat' dir='ltr'>ne</span> <span class='ocrx_word' id='word_1_768' title='bbox 1540 5168 1604 5225; x_wconf 80' lang='lat' dir='ltr'>bae</span> <span class='ocrx_word' id='word_1_769' title='bbox 1611 5170 1731 5241; x_wconf 83' lang='lat' dir='ltr'>eadem,</span> <span class='ocrx_word' id='word_1_770' title='bbox 1743 5170 1848 5244; x_wconf 58' lang='lat' dir='ltr'>qna</span> 
     </span>
     <span class='ocr_line' id='line_1_112' title="bbox 976 5257 1836 5331; baseline -0.003 -17"><span class='ocrx_word' id='word_1_771' title='bbox 976 5257 1836 5331; x_wconf 66' lang='lat' dir='ltr'>instrumentovirtutisassumitur,mentiirademinetprn</span> 
     </span>
     <span class='ocr_line' id='line_1_113' title="bbox 976 5345 1828 5421; baseline 0.004 -17"><span class='ocrx_word' id='word_1_772' title='bbox 976 5364 1012 5405; x_wconf 90' lang='lat' dir='ltr'>ne</span> <span class='ocrx_word' id='word_1_773' title='bbox 1027 5347 1112 5421; x_wconf 87' lang='lat' dir='ltr'>quasi</span> <span class='ocrx_word' id='word_1_774' title='bbox 1126 5346 1245 5402; x_wconf 85' lang='lat' dir='ltr'>domina</span> <span class='ocrx_word' id='word_1_775' title='bbox 1258 5349 1375 5419; x_wconf 80' lang='lat' dir='ltr'>praeut,</span> <span class='ocrx_word' id='word_1_776' title='bbox 1387 5346 1437 5403; x_wconf 83' lang='lat' dir='ltr'>sed</span> <span class='ocrx_word' id='word_1_777' title='bbox 1453 5345 1534 5403; x_wconf 87' lang='lat' dir='ltr'>velut</span> <span class='ocrx_word' id='word_1_778' title='bbox 1547 5346 1659 5405; x_wconf 83' lang='lat' dir='ltr'>aneilla</span> <span class='ocrx_word' id='word_1_779' title='bbox 1672 5348 1713 5413; x_wconf 72' lang='lat' dir='ltr'>en</span> <span class='ocrx_word' id='word_1_780' title='bbox 1726 5349 1828 5418; x_wconf 63' lang='lat' dir='ltr'>obse</span> 
     </span>
     <span class='ocr_line' id='line_1_114' title="bbox 975 5434 1809 5511; baseline 0.007 -19"><span class='ocrx_word' id='word_1_781' title='bbox 975 5436 1078 5509; x_wconf 91' lang='lat' dir='ltr'>quium</span> <span class='ocrx_word' id='word_1_782' title='bbox 1095 5438 1206 5507; x_wconf 88' lang='lat' dir='ltr'>parata,</span> <span class='ocrx_word' id='word_1_783' title='bbox 1223 5453 1240 5490; x_wconf 90' lang='lat' dir='ltr'>a</span> <span class='ocrx_word' id='word_1_784' title='bbox 1256 5435 1378 5492; x_wconf 89' lang='lat' dir='ltr'>rationis</span> <span class='ocrx_word' id='word_1_785' title='bbox 1401 5439 1483 5509; x_wconf 81' lang='lat' dir='ltr'>tergo</span> <span class='ocrx_word' id='word_1_786' title='bbox 1503 5452 1660 5511; x_wconf 88' lang='lat' dir='ltr'>nunquam</span> <span class='ocrx_word' id='word_1_787' title='bbox 1676 5434 1809 5497; x_wconf 64' lang='lat' dir='ltr'>receuti·</span> 
     </span>
     <span class='ocr_line' id='line_1_115' title="bbox 975 5522 1804 5600; baseline 0.005 -19"><span class='ocrx_word' id='word_1_788' title='bbox 975 5526 1058 5582; x_wconf 81' lang='lat' dir='ltr'>&#39;lunc</span> <span class='ocrx_word' id='word_1_789' title='bbox 1076 5522 1155 5579; x_wconf 90' lang='lat' dir='ltr'>enim</span> <span class='ocrx_word' id='word_1_790' title='bbox 1181 5523 1331 5580; x_wconf 88' lang='lat' dir='ltr'>robustius</span> <span class='ocrx_word' id='word_1_791' title='bbox 1361 5529 1461 5583; x_wconf 86' lang='lat' dir='ltr'>contra</span> <span class='ocrx_word' id='word_1_792' title='bbox 1485 5523 1556 5583; x_wconf 76' lang='lat' dir='ltr'>vitia</span> <span class='ocrx_word' id='word_1_793' title='bbox 1580 5525 1723 5600; x_wconf 68' lang='lat' dir='ltr'>anigitur,</span> <span class='ocrx_word' id='word_1_794' title='bbox 1737 5535 1804 5597; x_wconf 76' lang='lat' dir='ltr'>curli</span> 
     </span>
     <span class='ocr_line' id='line_1_116' title="bbox 975 5611 1797 5691; baseline 0.004 -16"><span class='ocrx_word' id='word_1_795' title='bbox 975 5613 1093 5677; x_wconf 78' lang='lat' dir='ltr'>subdita</span> <span class='ocrx_word' id='word_1_796' title='bbox 1107 5611 1211 5673; x_wconf 85' lang='lat' dir='ltr'>rationi</span> <span class='ocrx_word' id='word_1_797' title='bbox 1223 5612 1392 5673; x_wconf 80' lang='lat' dir='ltr'>famulatur.</span> <span class='ocrx_word' id='word_1_798' title='bbox 1405 5613 1480 5674; x_wconf 83' lang='lat' dir='ltr'>Nam</span> <span class='ocrx_word' id='word_1_799' title='bbox 1489 5615 1711 5691; x_wconf 72' lang='lat' dir='ltr'>quantumlibet</span> <span class='ocrx_word' id='word_1_800' title='bbox 1718 5615 1797 5685; x_wconf 70' lang='lat' dir='ltr'>irael</span> 
     </span>
    </p>
   </div>
   <div class='ocr_carea' id='block_1_16' title="bbox 0 0 1910 6098">
    <p class='ocr_par' dir='ltr' id='par_1_17' title="bbox 0 0 1910 6098">
     <span class='ocr_line' id='line_1_117' title="bbox 0 0 1910 6098; baseline 0 0"><span class='ocrx_word' id='word_1_801' title='bbox 0 0 1910 6098; x_wconf 95' lang='lat' dir='ltr'> </span> 
     </span>
    </p>
   </div>
  </div>
 </body>
</html>
