3810 6098
67 309 144 372 ura
699 309 791 371 vira
812 306 948 371 sareu
973 309 1137 377 aaaron.
1694 315 1775 395 tert

64 447 168 519 postea
178 458 229 515 pro
241 444 341 498 saneto
350 440 480 515 Remigio
492 442 619 498 ostendit
629 459 635 498 :
646 442 686 498 ita
697 444 835 499 teretrum
846 447 891 499 est
905 442 935 512 A
949 445 1090 517 pervadit,
1102 444 1265 519 despiciens
1280 447 1439 520 hominem,
1451 451 1501 524 qui
1514 467 1581 510 eum
1596 455 1697 510 saneto
1708 450 1780 513 loeo.

64 537 269 607 aggravatum,
280 535 312 586 ut
324 529 403 586 nullo
414 531 683 604 modoquocunque
694 531 895 604 iugenic,vela
950 535 1120 590 contulerat.
1138 537 1190 603 Qui
1208 553 1274 592 eum
1293 538 1329 593 ah
1349 539 1484 613 episeopo
1500 559 1533 598 ae
1546 540 1601 598 loei
1617 543 1771 616 preposito

63 620 305 695 quantiscunque
316 619 486 674 hominibus
499 623 596 690 posset
606 621 723 674 nioreri.
732 621 765 675 llt
777 626 894 692 stupen-
949 625 1049 680 erebro
1061 631 1220 682 conventas
1234 626 1387 695 suisset,ut
1398 646 1460 700 quae
1475 629 1584 703 injuste
1594 637 1771 706 pervaserat,

62 711 146 767 tibus
162 709 312 774 ornnitus,
328 712 357 763 et
378 707 544 778 petentibus
565 708 615 762 Dei
641 709 892 781 omnipotentiam,
949 713 1096 780 redderet,
1113 716 1325 787 parvipendens
1339 717 1506 789 verbaque
1522 719 1669 791 audiebat,
1681 721 1770 794 perti-

61 800 106 857 vel
121 800 294 871 dignaretur
304 797 468 864 ostendero,
479 796 508 850 in
518 814 575 868 quo
587 797 648 852 loeo
660 798 791 869 ejusdem
801 797 891 852 sancti
948 803 1012 858 naci
1030 804 1144 875 direpta
1160 805 1330 860 dcsensahat
1351 805 1521 862 intentione.
1534 808 1663 881 Denique
1680 826 1770 867 causa

62 889 110 946 sui
124 904 231 959 corpus
242 885 327 942 vellet
337 885 447 958 reponi,
458 884 683 957 designaverunt
694 886 728 940 ad
741 885 892 941 basilicam
948 893 1067 961 exstitit,
1080 898 1109 948 et
1124 911 1179 949 non
1196 894 1358 961 dormiant
1377 899 1544 967 properaret
1559 898 1595 952 ad
1611 898 1704 956 sancti
1719 899 1769 957 ha.

60 979 252 1053 praefatorum
270 978 478 1046 martyrum,et
493 975 632 1030 feretrum
649 975 755 1030 moveri
769 992 825 1030 non
842 992 891 1047 po·
948 981 1071 1037 silicam.
1087 982 1226 1054 Arguitur
1247 983 1352 1037 iterum
1369 983 1455 1040 aloei
1474 985 1623 1058 proposito
1638 1005 1690 1061 pro
1704 969 1770 1062 per.

60 1069 130 1125 tuit.
149 1067 367 1138 Proposuerunt
382 1067 414 1118 ut
429 1063 551 1118 terretur
572 1065 608 1119 ad
629 1063 781 1119 ecelesiam
799 1057 893 1120 sancti
947 1071 1064 1126 vasione
1078 1073 1183 1144 campi,
1196 1073 1246 1128 scd
1262 1072 1335 1127 nihil
1346 1072 1468 1147 dignum
1484 1073 1594 1130 ratione
1609 1077 1768 1148 respondit,

59 1155 223 1222 Nicasih’el
238 1152 346 1209 moveri
363 1169 420 1208 ¹10ss
437 1152 541 1224 Ρῡωῑῑ·
554 1153 590 1207 Pt'
591 1156 780 1225 oposuerant,
792 1157 825 1208 ut
840 1155 892 1211 ser·
946 1161 1156 1234 Explicitisque
1167 1161 1300 1234 negotiis,
1313 1179 1433 1217 ascenso
1443 1179 1528 1235 equo,
1539 1164 1576 1219 ad
1590 1164 1710 1221 domum
1725 1183 1769 1223 re·

59 1251 145 1304 retur
155 1245 191 1301 ad
204 1241 358 1300 eeclesiam
369 1245 538 1297 sauctorum
551 1241 622 1298 Sixti
634 1247 662 1298 et
673 1241 783 1309 Siuieii,
796 1247 824 1298 et
839 1261 890 1300 nec
946 1247 1008 1303 dire
1024 1248 1169 1319 disponit:
1182 1250 1232 1305 sed
1248 1249 1345 1305 obstat
1360 1249 1436 1305 nisui
1447 1251 1511 1322 ejus
1521 1253 1682 1309 sacerdotis
1695 1251 1770 1327 injus

60 1335 105 1394 sie
121 1332 230 1390 moveri
254 1331 372 1405 potuit:
390 1331 508 1386 tandem
529 1330 629 1399 coacti,
643 1331 781 1404 quoniam
803 1349 891 1404 parve
946 1335 997 1392 ria.
1015 1338 1088 1392 Nam
1113 1337 1264 1394 sauciatus
1279 1356 1296 1393 a
1310 1339 1463 1411 sauguine,
1481 1338 1571 1395 diruit
1594 1340 1625 1395 in
1649 1323 1768 1409 terram,

58 1422 215 1483 ecclesiola
230 1425 301 1488 erat,
320 1420 348 1474 in
369 1419 479 1475 honore
504 1420 578 1475 beati
606 1419 743 1494 martyris
758 1420 889 1477 Christo·
945 1424 1284 1499 Obligaturlingua,quae
1296 1427 1766 1501 loeutaiuerateampumtollere:

58 1511 155 1588 phori,
165 1510 214 1566 sed
229 1507 344 1564 nullum
355 1525 461 1579 corpus
472 1508 613 1564 nominati
625 1507 716 1563 saneti
729 1509 758 1564 in
769 1526 803 1564 ea
813 1511 891 1582 jaee—
945 1513 1123 1572 clauduntur
1137 1513 1281 1586 oouli,qui
1294 1515 1502 1587 concupierant
1515 1532 1521 1570 :
1533 1532 1640 1572 manus
1650 1521 1768 1575 eontra·

59 1603 122 1669 bat,
134 1604 164 1656 et
174 1599 203 1654 iu
214 1615 273 1672 qua
285 1598 370 1670 eique
381 1597 657 1669 circumjacentibus
668 1597 749 1654 atriis
765 1615 798 1654 ex
813 1599 889 1655 anti·
944 1602 1066 1668 huntur,
1079 1619 1143 1675 quar
1159 1608 1327 1674 rapuerant.
1635 1653 1640 1661 .

58 1707 118 1763 que
129 1694 192 1747 erat
200 1685 400 1745 emunctorium
409 1685 583 1742 Rbemensis
592 1684 718 1742 eeclesiae
728 1704 734 1742 z
744 1687 889 1759 petierunt
980 1691 1059 1746 LXV.
1073 1693 1156 1747 Tune
1166 1689 1343 1759 balbutiens,
1351 1696 1379 1748 et
1389 1692 1435 1747 vix
1450 1709 1614 1749 sermonem
1625 1692 1776 1767 explicere.

57 1785 92 1837 ut
108 1778 251 1836 Dominus
272 1776 432 1833 declararet
447 1775 471 1830 si
495 1774 525 1829 in
542 1776 642 1831 eadem
663 1775 784 1832 ecelesia
804 1775 888 1832 vellet
943 1779 1299 1848 valens,ait:Delerteme
1311 1781 1347 1835 ad
1364 1779 1516 1837 basilicam
1528 1783 1768 1854 saneti,etquau·

59 1868 134 1926 illud
150 1884 256 1940 eorpus
271 1863 492 1922 sanctissimum
508 1865 587 1936 poni.
600 1865 634 1919 ut
650 1864 691 1919 sie
707 1869 789 1920 tanta
800 1865 889 1921 facili·
941 1872 1122 1940 tumeunqus
1139 1886 1227 1942 super
1251 1886 1297 1923 me
1322 1869 1385 1923 auri
1401 1873 1456 1936 est,
1467 1871 1503 1925 ad
1520 1869 1686 1943 sepulcrum
1702 1871 1767 1944 ejus

58 1964 120 2016 tate
135 1961 248 2014 motum
259 1959 304 2012 est
315 1955 506 2021 feretrum,ut
521 1952 636 2008 nullum
651 1970 726 2010 onus
738 1959 886 2026 portantes
941 1957 1071 2029 projicite
1089 1976 1095 2013 :
1113 1957 1227 2030 peccavi
1248 1958 1338 2023 enim,
1355 1958 1512 2015 auterendo
1531 1975 1577 2015 res
1591 1960 1665 2032 ejus.
1681 1958 1766 2033 Aspi-

60 2048 222 2106 sentireut:
236 2043 384 2117 sepultum
396 2046 440 2096 est
450 2045 546 2096 autem
563 2040 636 2097 illud
649 2042 813 2099 venerabile
824 2061 885 2100 cor·
941 2047 1020 2101 ciens
1031 2034 1128 2102 aut‘ern
1145 2047 1228 2101 datar
1239 2047 1334 2118 campi
1350 2046 1428 2102 hune
1444 2065 1511 2103 eurn
1527 2047 1698 2105 muneribus
1713 2049 1766 2107 dee

59 2155 116 2212 pus
132 2137 162 2191 in
178 2135 279 2191 eadem
305 2130 465 2199 ecclesiola,
484 2130 534 2186 uhi
549 2131 639 2187 altare
655 2136 700 2187 est
722 2131 750 2186 in
777 2133 886 2189 honore
940 2135 1018 2202 terri,
1032 2136 1072 2190 ait
1085 2153 1090 2190 z
1104 2136 1144 2190 Ne
1165 2135 1302 2207 accipias,
1315 2153 1424 2207 quasso,
1446 2141 1546 2193 sancte
1565 2137 1627 2204 Dei,
1643 2154 1767 2194 munera

57 2230 167 2283 sanetas
184 2221 415 2293 Genoveiau,quae
432 2219 662 2276 familiarissima
677 2221 787 2276 exstitit
801 2222 884 2277 beato
940 2225 1013 2294 ejus,
1026 2241 1090 2295 quas
1107 2241 1258 2295 nunquam
1272 2224 1376 2295 cupide
1386 2224 1517 2296 accipere
1529 2224 1714 2282 consuevisti.
1726 2226 1768 2291 Ne

58 2314 203 2387 Remigio.
216 2312 296 2378 Quod
313 2311 503 2366 manifestum
515 2313 558 2364 est
569 2314 667 2364 aetum
684 2310 775 2366 fuisse
787 2310 886 2366 dirina
940 2311 990 2377 eis,
1003 2313 1151 2383 deprecor,
1164 2312 1281 2381 adjutor
1296 2313 1370 2383 ejus,
1384 2311 1434 2383 qui
1451 2311 1653 2370 inflammante
1663 2330 1767 2384 coneu-

56 2401 259 2476 dispositione,
267 2405 355 2471 atque
365 2398 459 2471 ipsius
469 2398 664 2465 veluntatem
677 2399 753 2454 sieut
766 2417 821 2467 res,
831 2418 885 2456 suo
939 2399 1093 2471 piscantia,
1105 2416 1202 2455 rerum
1215 2404 1332 2454 tuarum
1345 2416 1469 2471 nequam
1482 2418 1635 2473 possessor
1644 2402 1764 2460 exstitit.

57 2491 175 2548 nomine
189 2487 349 2560 acquisita,
362 2487 447 2559 juxta
462 2502 560 2542 sacras
583 2485 660 2558 leges
677 2487 823 2560 episcopio
839 2506 884 2544 ec·
939 2489 996 2544 Nec
1006 2487 1122 2543 distulit
1132 2488 1468 2544 sanetusaudiravocern
1478 2489 1616 2561 pauperis
1627 2490 1765 2548 sui.Num

55 2580 152 2638 elesiae
164 2576 339 2635 Rhemcnsis
350 2578 432 2630 erant
443 2575 549 2638 unitor:
562 2575 601 2629 ita
610 2580 637 2629 ot
648 2593 711 2647 (puae
723 2576 777 2647 ipsi
783 2595 816 2632 us
828 2594 885 2632 me
938 2576 1026 2633 horno
1042 2576 1090 2631 ille
1106 2576 1173 2632 licet
1183 2570 1324 2646 jussisset
1339 2577 1401 2631 dari
1418 2595 1550 2642 munera,
1560 2578 1688 2635 ostendit
1697 2597 1764 2637 ean·

56 2669 121 2726 ritis
129 2670 213 2724 erant
223 2666 258 2721 de
267 2669 368 2720 caetero
377 2663 559 2735 acquirendae
569 2663 726 2719 eremensi
738 2665 882 2733 Ecclesiae,
939 2670 1003 2720 etus
1017 2665 1133 2720 Domini
1154 2682 1185 2719 se
1211 2664 1262 2720 illa
1277 2682 1333 2719 non
1349 2670 1527 2736 acceptasse.
1546 2667 1626 2723 Unde
1650 2667 1766 2727 rediens

56 2758 87 2815 iu
104 2758 190 2829 eujus
202 2756 313 2825 jaceret
328 2752 472 2808 territorio
488 2753 651 2807 unirentur.
938 2770 1076 2825 pervasor
1090 2755 1221 2818 domurn,
1238 2752 1337 2808 amisit
1359 2752 1508 2826 spiritum,
1530 2755 1697 2827 recepitque
1712 2756 1764 2814 se-

10 2860 12 2865 ·
92 2845 191 2901 Llllll.
201 2844 269 2899 Post
280 2842 365 2913 cujus
376 2840 489 2896 obitum
500 2857 567 2894 curn
579 2839 642 2896 lues
654 2840 821 2912 inguinaria
832 2860 884 2914 po·
939 2842 1026 2898 elesia
1042 2859 1088 2897 ros
1104 2859 1183 2898 suas.

57 2935 161 3009 pulum
177 2933 277 3005 primae
290 2929 450 2987 Germania
462 2929 635 2999 devastaret,
648 2933 676 2984 et
690 2946 791 2985 omnes
806 2931 883 2987 Rhe·
975 2931 1067 2986 LXVl.
1081 2930 1199 3003 Sepultc
1215 2930 1372 3002 siquidem,
1386 2934 1417 2986 ut
1432 2931 1630 3002 prediximus,
1643 2948 1764 3006 corpore

57 3022 169 3080 mensis
185 3019 338 3093 provinciae
364 3017 462 3073 incolae
479 3017 569 3088 hujus
592 3017 683 3073 eladis
706 3022 885 3076 terrerentur
938 3020 1014 3076 beati
1031 3019 1152 3091 Remigii
1170 3019 1198 3073 in
1216 3018 1338 3074 ecelesia
1357 3020 1449 3075 sancti
1465 3019 1680 3093 christophori,
1694 3038 1763 3079 eum

56 3112 172 3176 auditu,
188 3107 336 3165 concurrit
351 3105 561 3162 Rhomensium
586 3106 713 3179 populus
728 3109 764 3163 ad
790 3109 884 3164 sancti
939 3108 1031 3170 multa
1045 3113 1073 3163 ct
1089 3109 1233 3179 stupenda
1252 3108 1393 3164 miracula
1412 3109 1442 3162 in
1461 3109 1562 3166 eadem
1578 3109 1700 3166 eeclesia
1712 3127 1765 3183 per
1811 3160 1814 3166 .

56 3200 238 3273 sepulerum,
252 3211 416 3269 congruum
432 3195 521 3266 hujus
536 3212 631 3250 causas
648 3196 780 3268 llagitare
795 3180 920 3265 reme-C
940 3197 1043 3252 merita
1053 3197 1251 3267 ejus,llomini
1262 3197 1355 3268 gratia
1371 3197 1632 3271 sterent,ampliata
1643 3201 1672 3255 et
1684 3197 1764 3255 exal·

54 3291 172 3347 dium¹.
193 3285 330 3341 Accensis
355 3300 472 3356 quoque
497 3283 597 3350 cereis,
624 3284 796 3359 lychnisque
825 3304 882 3342 non
938 3290 999 3340 tata
1014 3289 1058 3340 est
1073 3284 1136 3356 ipsa
1149 3284 1281 3340 ecelesia.
1294 3286 1329 3340 ut
1348 3285 1424 3340 sacta
1438 3290 1540 3358 crypta
1563 3290 1640 3342 retro
1662 3284 1764 3356 altare,

55 3378 169 3453 paucis,
187 3375 303 3449 hymnis
318 3373 501 3447 psalmisque
522 3373 694 3457 'coelestibus
718 3391 769 3447 per
792 3379 883 3431 totam
938 3374 968 3429 in
985 3391 1072 3446 quarn
1088 3375 1296 3429 transferretur
1312 3390 1417 3444 eorpus
1432 3369 1766 3443 sanctissimum,'effos·

54 3467 180 3524 excubat
191 3469 315 3520 noctem.
326 3462 411 3518 Mane
422 3465 520 3515 autom
532 3461 617 3527 iacto,
627 3462 697 3533 quid
711 3463 806 3518 adhue
823 3481 884 3536 pre
939 3479 1006 3518 sum
1017 3466 1062 3517 est
1073 3462 1107 3516 de
1122 3461 1184 3516 loeo
1201 3463 1229 3515 iu
1242 3479 1299 3533 qno
1315 3466 1426 3532 erat,ut
1441 3460 1470 3517 in
1487 3463 1597 3518 fossam
1608 3462 1715 3520 iactam
1732 3463 1763 3520 in

54 3555 134 3614 catui
148 3554 234 3622 desit,
244 3553 274 3607 in
285 3555 410 3607 tractatu
425 3550 558 3604 rimatur.
572 3550 753 3621 Repererunt
763 3552 882 3621 etenim,
939 3555 1101 3606 memorata
1115 3555 1215 3622 crypta
1231 3550 1492 3622 deponeretur,sed
1504 3549 1586 3607 uallo
1603 3550 1689 3608 modo
1700 3568 1766 3608 mo·

55 3643 201 3700 revelante
217 3642 285 3709 Dee,
302 3640 350 3712 qui
367 3643 503 3694 sanetum
519 3654 607 3694 suum
631 3638 779 3695 mirificari
794 3640 885 3697 voluit
939 3639 997 3695 veri
1017 3638 1120 3711 potuit.
1137 3638 1364 3709 superveniente
1389 3643 1487 3694 autern
1513 3642 1607 3709 nocte,
1619 3642 1648 3696 et
1661 3656 1767 3712 perno-

55 3734 134 3808 apud
157 3730 303 3797 homines,
320 3745 407 3801 quem
424 3727 501 3799 apud
518 3742 548 3782 se
564 3717 721 3783 mirificum
747 3729 883 3798 habebat,
939 3728 1087 3785 etantibus
1102 3726 1240 3782 fratribus
1255 3727 1284 3782 in
1296 3727 1413 3800 hymnis
1424 3733 1454 3784 et
1464 3729 1596 3798 canticis,
1610 3728 1711 3785 multis
1723 3746 1769 3786 ae-

55 3819 323 3895 qualitcrerationo
334 3815 711 3889 praemissa,adhuemaj0ri
722 3834 886 3892 propugna—
939 3816 1035 3874 censis
1050 3816 1257 3882 luminaribus,
1270 3817 1347 3872 cirea
1360 3817 1488 3873 mediam
1504 3821 1618 3873 noctem
1635 3835 1722 3890 sopor
1737 3817 1767 3873 in

56 3910 123 3968 eulo
134 3909 215 3965 urhis
227 3904 449 3980 propugnacula
459 3906 656 3960 munirentur.
665 3908 824 3978 Assumpte
835 3907 886 3979 igi·
940 3923 1042 3963 omncs
1057 3904 1152 3961 irruit.
1166 3906 1200 3959 lit
1213 3905 1418 3977 evigilantibus
1430 3905 1625 3972 ois,Caleudis
1635 3905 1768 3964 Octobris

55 4005 107 4057 tur
122 3998 201 4072 palla
216 3998 251 4053 de
266 3996 344 4052 beati
358 3995 692 4067 sepulcro,eomponunt
702 4011 765 4049 earn
781 3994 811 4049 in
827 4012 887 4050 mo
940 4011 1007 4050 cum
1023 3992 1210 4047 sanctissimo
1224 4009 1344 4064 corpore
1360 3994 1527 4066 sepulcrum
1544 3994 1696 4051 inventum
1712 3998 1767 4062 est,

56 4089 129 4145 dum
143 4087 256 4153 feretri,
272 4083 461 4156 accensisque
477 4099 565 4154 super
581 4098 682 4138 eruces
693 4081 783 4138 cereis
799 4087 886 4154 atque
940 4080 1080 4154 angelicis
1099 4078 1236 4134 manibus
1252 4081 1392 4150 positum,
1406 4083 1434 4136 ia
1454 4083 1532 4138 losse
1557 4087 1674 4155 cryptas,
1691 4088 1768 4139 retro

56 4194 147 4250 super
158 4174 515 4241 ceroferariisdantvoees
527 4173 555 4226 in
568 4171 887 4238 canticis,cireumeunt
941 4168 1031 4224 altare
1046 4169 1137 4223 iacta.
1150 4167 1301 4237 Tantaque
1322 4166 1492 4238 evigilantes
1507 4166 1605 4222 odoris
1624 4167 1768 4225 suavitate

56 4267 161 4323 urbem
177 4281 245 4320 curn
261 4263 342 4328 vicis,
355 4278 408 4317 nee
424 4265 599 4333 praetereunt
610 4259 703 4314 ullum
714 4260 886 4332 hospitium,
942 4255 1043 4330 repleti
1057 4259 1125 4311 suut
1135 4271 1236 4310 omnes
1248 4253 1298 4325 qui
1312 4249 1515 4320 adsuerantut
1525 4253 1656 4310 humana
1666 4253 1767 4327 lingua

55 4357 136 4430 quod
149 4372 206 4410 non
220 4353 273 4408 hac
285 4350 488 4406 circumitione
499 4348 768 4416 concludant.Quid
780 4349 887 4422 plura‘l
942 4348 996 4403 hoe
1010 4345 1089 4401 ellari
1107 4362 1163 4399 non
1181 4342 1275 4398 valeat
1291 4360 1297 4397 ι
1315 4347 1343 4398 et
1358 4343 1400 4398 sio
1421 4361 1471 4415 per
1491 4345 1583 4398 totam
1599 4341 1676 4398 diem
1692 4347 1722 4400 et
1736 4344 1767 4399 in

54 4446 120 4502 Noa
129 4440 469 4515 postmultosdies,tines
478 4437 567 4508 hujus
579 4437 704 4494 civitatis
714 4439 888 4497 ilhemensis
943 4434 1104 4491 erastinum
1117 4434 1179 4506 ipse
1191 4433 1263 4489 odor
1277 4432 1305 4486 in
1319 4432 1418 4487 eadem
1431 4430 1553 4487 ecelesia
1567 4447 1768 4504 perseverave-

54 4534 121 4589 lues
136 4530 306 4603 aggreditur
328 4532 499 4582 memorata.
517 4527 721 4583 Vetumtumen
742 4546 834 4600 usque
849 4530 884 4584 ad
901 4548 925 4614 D
943 4526 989 4581 rit.
1003 4524 1126 4596 ipsaque
1137 4521 1182 4577 die
1198 4519 1400 4575 translationis
1415 4519 1488 4590 ejus,
1501 4536 1568 4576 oum
1585 4518 1691 4577 divinis
1705 4518 1767 4578 lau·

54 4638 125 4678 eum
140 4620 238 4675 locum
255 4618 477 4687 accedensque
493 4615 569 4671 beati
585 4616 692 4688 pignus
708 4619 840 4685 accessit,
854 4636 887 4676 ae
944 4614 1031 4669 dibus
1047 4615 1165 4682 sumpta
1180 4614 1249 4665 sunt
1264 4607 1387 4680 reliquia
1403 4626 1419 4663 a
1434 4625 1553 4680 corpore
1568 4607 1658 4678 iliius,
1674 4611 1710 4668 de
1725 4628 1770 4668 cu·

55 4709 82 4767 si
91 4706 288 4765 coustitutum
297 4709 427 4761 cerneret
438 4702 693 4771 terminum,intro
704 4705 817 4776 ingredi
827 4705 888 4762 ullo
944 4701 1023 4776 pillis
1038 4699 1172 4756 videlicet
1186 4699 1259 4767 ejuS,
1273 4703 1301 4751 ot
1322 4695 1433 4762 casula,
1449 4713 1481 4755 ac
1498 4697 1597 4754 tunica
1612 4697 1725 4772 ipsius;
1740 4704 1769 4757 et

55 4798 145 4856 modo
161 4799 276 4852 nonest
291 4811 363 4849 ausa
376 4811 382 4849 :
395 4793 446 4849 sed
457 4793 546 4849 etiam
557 4810 620 4866 quae
632 4793 662 4847 ia
673 4793 816 4867 principio
827 4813 890 4868 per.
944 4789 1107 4845 involutum
1118 4791 1161 4843 est
1176 4803 1282 4857 corpus
1297 4784 1376 4840 illius
1392 4785 1548 4857 integrum,
1561 4788 1612 4845 sed
1625 4788 1767 4846 esssicea·

53 4890 183 4951 vaserat,
194 4885 285 4956 hujus
296 4882 411 4938 virtutis
422 4880 541 4954 repulsu
554 4881 680 4954 reliquit.
692 4882 747 4948 Oui
759 4883 889 4941 beatissi·
944 4884 1006 4936 tum
1022 4879 1057 4933 de
1072 4877 1199 4932 brandeo
1216 4875 1314 4930 rubeo.

56 4992 126 5035 mus
147 4973 288 5047 pontifex,
300 4976 329 5027 et
344 4971 372 5026 in
388 4969 447 5026 vita
471 4970 611 5042 eorporis,
628 4975 657 5025 et
681 4975 746 5043 post
762 4972 886 5041 obitum,
979 4966 1085 5023 LXVII.
1101 4965 1240 5019 Processu
1258 4963 1383 5036 denique
1394 4964 1534 5037 temporis
1550 4966 1692 5038 Pippinus
1707 4981 1769 5041 rex,

55 5066 135 5122 sieut
150 5063 278 5119 infirmis
294 5061 455 5118 sanitatum
470 5059 595 5132 gratiam
611 5059 747 5128 reddidit,
760 5060 802 5116 sie
816 5065 844 5116 et
858 5061 887 5116 in
943 5055 1037 5112 Caroli
1052 5053 1149 5126 Magni
1174 5057 1266 5125 pater,
1283 5050 1383 5109 volens
1403 5053 1541 5126 episcopii
1563 5052 1766 5111 bardunensis

55 5170 229 5228 pervasores
245 5149 407 5224 sepissime
419 5148 497 5204 ultor
511 5149 630 5204 exstitit.
942 5144 1051 5212 villam,
1069 5160 1132 5215 quae
1156 5142 1310 5197 hnisiacus
1326 5143 1444 5209 dieitur,
1456 5142 1586 5214 accipere
1601 5140 1685 5214 quasi
1709 5143 1765 5198 suh

95 5241 189 5297 cxlv.
205 5242 272 5295 Erat
287 5238 365 5294 enim
381 5238 460 5294 haud
478 5235 577 5310 procul
594 5233 748 5306 abasilica
764 5251 888 5307 campus
942 5251 1042 5300 censu,
1060 5233 1137 5288 sicut
1156 5235 1184 5286 et
1207 5230 1280 5286 alias
1295 5232 1438 5303 quasdam
1465 5231 1580 5305 iecerat,
1595 5228 1717 5285 venitin
1733 5247 1767 5288 ea

55 5330 161 5386 tellure
178 5328 322 5384 secundus
333 5326 416 5399 (tales
430 5326 507 5382 enim
524 5325 624 5381 incolas
636 5323 715 5380 oleas
726 5324 849 5396 vocant),
861 5328 889 5380 et
942 5339 1069 5378 menore.
1082 5321 1135 5381 Ubi
1155 5338 1223 5379 cum
1250 5321 1400 5386 dormiret,
1413 5317 1490 5372 venit
1504 5319 1539 5372 ad
1555 5335 1622 5373 curn
1646 5321 1767 5375 sanetus

56 5417 304 5474 hiedatussuneti
316 5415 652 5480 basiliemsuc1·at.Quem
665 5410 887 5467 unusecivihus
942 5410 1102 5483 Remigius,
1116 5409 1216 5464 dicens
1229 5427 1234 5463 :
1248 5410 1291 5462 'l'u
1304 5407 1373 5478 quid
1388 5406 1432 5460 hic
1446 5406 1536 5460 tacis‘l
1546 5408 1639 5471 Quare
1651 5407 1766 5463 intrasti

94 5615 104 5639 ¹
120 5602 193 5659 Vide
208 5566 293 5676 Rreg.
312 5604 420 5659 Taren.
438 5603 473 5657 de
489 5600 567 5657 Glor.
584 5600 721 5667 consess,
739 5616 764 5655 c.
780 5600 825 5668 79,
843 5599 920 5670 Rae,
936 5616 984 5656 an.
1001 5600 1063 5654 565.
