3810 6098
147 318 207 381 aas
537 317 728 379 niocuam
751 314 874 377 nunu.
897 311 1079 373 ansuino.
1104 312 1309 376 croscum
1330 315 1465 377 viora.
1504 299 1508 309 '
1797 317 1858 380 aaa

148 455 271 526 pergant
285 455 404 524 propter
419 450 571 519 fodrarios,
588 455 617 506 et
640 468 740 507 curam
756 452 791 508 de
806 469 877 525 pace
900 446 1013 512 acci-A
1030 445 1087 501 voli
1099 445 1578 505 autdolentesdiffamautrumore
1593 466 1599 505 :
1615 448 1766 521 quianam
1781 451 1858 523 regis

148 541 239 614 piant.
247 542 283 597 Et
297 540 371 598 tales
387 540 564 613 mittite,qui
579 557 636 596 non
648 541 708 597 sint
718 542 754 598 de
764 541 973 613 hisdequibus
1027 535 1225 592 ministerium
1241 536 1330 609 sit,se
1345 541 1374 592 et
1388 554 1458 593 suos
1473 538 1523 610 qui
1540 540 1605 595 berre
1619 540 1858 610 oprtniiaerrlius

149 630 222 687 dicit
235 629 411 703 Apostolus:
424 630 478 698 Qui
489 630 625 702 praedicas
639 648 694 687 raon
703 632 973 702 ferendunafioarr's
1028 625 1323 698 semperdirigcreet
1332 644 1436 699 pravos
1447 644 1464 682 a
1474 627 1560 683 maiis
1570 627 1857 701 corrigereimpium

148 721 237 788 (Rern.
253 737 285 787 11,
295 720 351 792 21).
361 719 543 776 Transmitto
553 719 645 788 vobis,
655 719 732 776 sicut
747 719 815 787 dini,
826 719 974 792 exemplar
1029 720 1074 770 est
1088 715 1123 771 de
1135 731 1223 787 regno
1239 715 1295 772 sibi
1311 717 1443 788 subjecto
1458 717 1535 772 dona
1554 721 1583 772 et
1597 716 1719 773 servitia
1733 735 1751 773 a
1764 719 1859 788 subJ'e·

149 808 358 865 admonitionis
372 813 488 877 nostre,
509 826 598 881 quam
620 826 671 880 per
684 808 768 864 villas
784 809 885 878 direxi,
901 813 933 864 ut
949 809 974 865 si
1029 802 1085 858 ctis
1096 802 1220 876 exigere,
1235 808 1263 860 et
1277 805 1320 861 eis
1336 810 1369 861 ut
1392 822 1456 877 quae
1482 806 1627 862 debentur
1648 810 1679 862 et
1702 805 1859 879 exiguntur

148 898 232 953 vobis
247 897 352 970 placet,
369 902 435 970 post
449 897 678 953 admonitionem
693 903 830 966 vostrum,
848 899 877 953 in
893 915 976 954 cons-
1029 891 1157 948 beheimi
1176 895 1254 949 unde
1270 894 1389 950 reddere
1403 894 1517 967 possint
1531 911 1589 950 110ss
1606 894 1773 966 providere,
1786 900 1814 950 θῑ
1827 913 1860 952 0⁸

151 990 236 1059 pecta
250 991 345 1044 vestro
361 1005 426 1043 cam
443 987 829 1057 fidelibusvestrisjubeatis
839 987 974 1060 relegere,
1030 997 1093 1052 quae
1105 979 1146 1035 iili
1158 980 1383 1054 piacenijubere
1393 986 1480 1054 atque
1499 983 1665 1056 disponere,
1675 987 1705 1039 et
1717 1001 1784 1056 quae
1803 985 1858 1040 Deo

150 1080 178 1132 el
195 1076 359 1148 praedicetis
374 1075 443 1142 illis,
452 1075 521 1147 quia
537 1076 593 1131 ista
607 1076 753 1132 verbaltei
765 1081 844 1144 sunt,
854 1081 882 1132 et
893 1077 975 1133 missi
1031 1068 1187 1141 displicent
1198 1087 1255 1125 ¹10⁰
1269 1071 1420 1142 prohibere
1432 1076 1611 1128 OiafflOVGre·
1623 1072 1707 1138 Quod
1716 1072 1785 1128 id⁰⁰
1795 1090 1860 1145 sug·

151 1165 202 1219 Dei
218 1169 336 1233 suntet
351 1182 408 1220 non
425 1181 459 1219 ea
474 1165 581 1220 debant
596 1164 624 1219 in
641 1182 672 1220 se
687 1165 729 1220 vel
756 1165 785 1220 in
808 1166 870 1221 suis
885 1166 975 1239 negli-
1030 1164 1240 1229 geretssvesit'ae
1252 1159 1444 1216 domissssiiffili
1455 1161 1691 1233 praesumo,quia
1705 1177 1799 1234 regno
1813 1179 1858 1234 pa·

151 1270 228 1325 gero.
239 1255 273 1308 Et
288 1253 330 1309 sie
340 1254 484 1309 custodite
500 1269 534 1308 aa
547 1269 611 1324 quae
625 1270 749 1326 suggero
760 1259 788 1309 ot
798 1255 976 1321 transmitto,
1030 1247 1084 1302 tris
1099 1253 1128 1302 et
1143 1248 1186 1303 avi
1204 1250 1292 1304 vostri
1312 1250 1341 1304 in
1363 1249 1464 1306 multis
1483 1248 1736 1322 diviso,capitalia
1748 1249 1812 1306 loca
1825 1251 1858 1306 dc

152 1345 185 1396 ut
200 1345 267 1397 ante
283 1341 356 1396 nihil
373 1342 467 1397 sciant
488 1342 543 1398 nisi
561 1360 611 1414 per
629 1360 702 1399 vos:
720 1343 790 1414 quia
805 1344 827 1398 si
846 1343 976 1412 scierint,
1032 1353 1120 1409 regno
1135 1341 1230 1393 vestro
1247 1338 1339 1393 multu
1354 1339 1489 1410 perdunt,
1506 1344 1535 1394 et
1549 1339 1631 1394 vobis
1647 1356 1701 1412 pro
1716 1338 1856 1411 reginbo·

152 1431 247 1500 potest
261 1427 322 1483 fieri
338 1429 370 1482 ut
385 1445 442 1483 non
459 1446 509 1484 eos
523 1429 649 1501 pleniter
660 1429 869 1486 habeatisvos
879 1436 976 1488 tamen
1033 1442 1102 1481 11⁰re
1112 1425 1163 1497 qui
1178 1442 1228 1481 V⁰⁵
1239 1427 1512 1494 ⁰⁰¹¹d⁰001211000880
1522 1431 1567 1483 esi
1577 1427 1695 1483 Uissihil
1705 1427 1857 1483 imminua·

152 1516 219 1571 inde
235 1515 348 1571 debetis
364 1516 520 1573 eonsilium
535 1519 687 1590 prendere,
701 1523 734 1574 ut
744 1519 875 1588 jubeatis
892 1521 978 1576 alicui
1034 1519 1083 1570 tur
1093 1515 1128 1571 dc
1139 1514 1185 1570 his
1196 1532 1259 1587 quae
1270 1516 1497 1588 praedecessores
1511 1514 1599 1572 vestri
1609 1532 1645 1571 ex
1662 1516 1776 1573 eisdem
1794 1516 1857 1573 locis

152 1603 202 1675 qui
218 1606 390 1661 vestravice
406 1607 538 1679 quotidie
552 1624 602 1663 eos
617 1609 784 1673 admonent,
800 1613 832 1664 ut
857 1609 881 1665 si
906 1610 980 1666 tales
1034 1603 1167 1658 solebant
1178 1603 1294 1672 hebere,
1311 1609 1340 1661 ei
1354 1604 1460 1677 pagani
1472 1622 1505 1659 ac
1516 1604 1582 1661 ieiei
1599 1604 1765 1662 Christiani
1775 1606 1856 1661 maxi·

152 1697 223 1748 sunt
238 1694 290 1765 qui
305 1698 391 1751 antea
405 1695 481 1751 hanc
497 1697 727 1753 admonitionem
743 1715 800 1753 non
823 1697 979 1763 audierint,
1035 1708 1114 1747 nium
1123 1696 1236 1765 partem
1248 1694 1283 1749 de
1294 1699 1375 1766 parte
1386 1695 1466 1766 regni
1477 1694 1566 1750 vestri
1578 1695 1773 1766 absumptam
1784 1711 1856 1750 usur—

152 1781 195 1837 ais
210 1783 340 1854 quotidie
357 1786 474 1856 quando
489 1786 525 1840 ad
542 1790 744 1857 paramentum
756 1791 885 1843 vestrum
898 1803 980 1843 rene·
995 1815 1019 1879 B
1036 1786 1116 1851 palli·
1133 1783 1168 1837 Ei
1184 1782 1207 1836 si
1224 1782 1419 1853 portiuncula,
1437 1783 1465 1838 in
1477 1800 1536 1856 que
1550 1783 1638 1839 vcsiri
1657 1782 1855 1840 fidelesvobit·

152 1870 330 1945 rintrelegat
342 1889 349 1927 :
360 1878 508 1945 quatenus
522 1880 552 1931 et
567 1874 620 1946 ipsi
638 1874 851 1932 inexcusabiles
865 1876 936 1942 sint,
951 1880 980 1933 et
1034 1887 1101 1926 cunr
1117 1871 1221 1944 degero
1233 1871 1399 1935 debent,ita
1414 1871 1577 1928 annihilata
1588 1871 1745 1944 perfuerit,
1754 1888 1806 1928 nec
1814 1888 1854 1928 aas

152 1976 204 2015 vos
219 1960 348 2032 aliquam
364 1962 580 2019 excusationem
592 1980 690 2019 coram
701 1964 759 2020 Deo
769 1965 876 2021 babere
890 1965 981 2036 possi·
1034 1960 1139 2016 necilli
1150 1959 1258 2016 ibidem
1271 1961 1402 2033 poteritis
1414 1962 1585 2017 conducere.
1594 1960 1731 2016 Alterum
1742 1964 1788 2018 ast
1796 1962 1854 2034 qaia

154 2049 202 2115 tis,
220 2050 374 2105 sitantum
392 2051 490 2107 facitis
505 2056 649 2124 quantum
665 2071 716 2125 per
726 2053 866 2109 rationem
883 2058 979 2126 potes·
1034 2049 1145 2105 dictum
1161 2055 1207 2106 est
1222 2050 1306 2117 mihi,
1320 2050 1459 2122 quoniam
1476 2047 1655 2106 clamatores
1669 2049 1721 2123 qui
1734 2050 1770 2105 ad
1783 2049 1853 2122 pals·

153 2137 202 2192 tis.
218 2138 254 2192 Et
269 2138 358 2193 nolite
374 2140 522 2211 negligere
537 2141 588 2196 illa
606 2141 745 2214 capitula,
761 2160 825 2215 que
850 2144 980 2215 synodus
1034 2139 1109 2193 tium
1123 2142 1253 2194 vestrum
1277 2139 1408 2210 veniunt,
1420 2138 1531 2194 nullam
1552 2137 1789 2195 consolationem
1811 2155 1854 2195 nec

154 2225 190 2282 dc
204 2224 350 2283 Carisiaco
365 2244 416 2300 per
431 2228 614 2285 Wenilonrm
630 2235 657 2285 et
672 2230 871 2287 Erohanraum
888 2235 981 2288 trans·
1034 2228 1121 2283 etiam
1133 2228 1243 2283 bonum
1255 2244 1428 2299 responsum
1440 2226 1479 2283 ibi
1495 2226 1645 2298 acciperit
1658 2227 1739 2299 quod
1761 2226 1854 2283 Simili·

153 2314 236 2369 misit
250 2314 285 2371 ad
301 2314 380 2371 hano
388 2316 567 2374 tiliniacum
582 2321 727 2391 preterito
743 2338 819 2376 anno
835 2321 980 2377 Ludovico
1035 2316 1205 2372 tarrredere
1218 2315 1308 2383 notui,
1318 2315 1413 2371 sciens
1425 2333 1476 2372 vos
1486 2316 1572 2371 corde
1583 2314 1711 2372 retinere
1722 2316 1856 2387 quodne

155 2402 237 2458 fratri
254 2407 360 2471 vestro,
375 2409 405 2461 et
418 2422 464 2461 mo
480 2408 696 2464 transmittente
711 2409 886 2466 llincmarus
901 2410 980 2467 filius
1036 2405 1135 2461 minus
1145 2405 1217 2461 dieii
1228 2423 1235 2460 :
1248 2407 1306 2478 (liti
1320 2407 1428 2462 obturat
1441 2422 1536 2461 eurem
1555 2422 1636 2461 suam
1657 2405 1694 2460 ad
1717 2405 1856 2461 clamoren

155 2507 240 2548 meus
250 2492 332 2548 vobis
346 2492 436 2560 dedit,
453 2496 568 2566 quando
583 2497 735 2553 archiacum
760 2497 789 2552 in
811 2500 982 2572 Burgundio
1032 2497 1207 2565 priapeiae
1219 2496 1276 2565 ipae
1286 2494 1416 2550 clamabit
1425 2502 1451 2550 ct
1459 2511 1515 2550 nora
1527 2494 1695 2549 exaudiatur
1704 2498 1855 2563 (Prolem,

156 2579 221 2636 suit.
238 2580 293 2636 Sed
309 2581 427 2654 relegite
440 2601 475 2640 ea
492 2583 657 2657 diligenter,
671 2587 750 2657 quia,
771 2588 842 2643 mihi
859 2588 978 2656 credito,
1035 2584 1091 2650 13).
1103 2583 1137 2637 lli
1151 2584 1269 2655 quando
1280 2582 1451 2653 hujusmodi
1462 2581 1624 2638 clamantes
1635 2599 1696 2638 non
1706 2583 1856 2639 exaudien-

156 2667 223 2741 plus
239 2686 290 2741 pro
304 2671 387 2726 vobis
402 2688 491 2742 quam
506 2689 558 2745 pro
574 2673 623 2729 illo
639 2674 714 2730 lacta
731 2676 856 2731 luerunt,
873 2676 980 2732 Crede·
1034 2674 1084 2726 iur
1098 2671 1281 2727 demonsiret
1296 2671 1486 2745 Evangelium
1506 2670 1628 2727 dicens:
1646 2671 1857 2728 Venientem

156 2757 224 2813 bam
237 2757 315 2814 euim
331 2761 409 2831 quod
425 2760 475 2816 Dei
491 2762 692 2819 misericordia
705 2781 757 2820 vos
771 2782 904 2821 revocare
930 2766 979 2821 de·
1034 2768 1072 2815 tos
1089 2779 1098 2814 :
1113 2761 1238 2828 Dornr'ne,
1254 2762 1376 2828 Domine,
1392 2763 1470 2833 aperi
1483 2762 1577 2828 nobis·
1592 2768 1618 2816 et
1632 2761 1681 2816 ille
1701 2760 1857 2832 respondens

155 2845 279 2912 buisset,
294 2851 324 2903 et
337 2847 389 2904 illa
403 2850 564 2907 admonitio
579 2851 661 2908 vobis
677 2854 841 2910 necessaria
856 2857 884 2910 et
900 2853 980 2910 utilis
1036 2848 1106 2904 dicei
1120 2867 1129 2902 .·
1143 2849 1225 2904 Amen
1240 2848 1300 2906 diro
1314 2852 1399 2917 vocis,
1415 2851 1510 2907 Nescio
1534 2866 1580 2906 eoa
1600 2850 1714 2921 (Meet.
1727 2867 1794 2913 xxa,
1807 2850 1855 2917 ll).

156 2949 220 2990 essa
229 2934 346 2992 valeret.
360 2936 717 3005 Ceterum,llomine,tria
731 2942 767 2997 ad
784 2959 830 2998 me
841 2959 980 3015 parvane·
1034 2937 1151 2993 Nescire
1166 2938 1244 2994 enim
1260 2938 1311 2995 Dei
1339 2955 1428 3010 quem
1450 2938 1523 2995 nibil
1549 2938 1620 2994 latet
1637 2938 1795 3011 reprobare
1807 2941 1855 3002 est,

156 3027 236 3090 runt,
247 3041 311 3096 quae
326 3025 447 3083 reticere
456 3028 734 3101 vobisdisposui,ne
749 3031 826 3087 inter
841 3030 898 3086 alia
911 3030 980 3087 inde
1034 3026 1151 3098 quioibi
1161 3028 1253 3097 Joma
1269 3028 1327 3083 Ileo
1339 3043 1396 3084 non
1407 3032 1503 3100 potest
1513 3026 1618 3083 mereri
1628 3027 1709 3100 quod
1721 3026 1803 3099 petit,
1812 3024 1855 3099 qni

156 3111 323 3184 plusvester
332 3113 450 3170 animus
462 3120 635 3173 moveretur.
644 3118 699 3173 Sed
711 3118 865 3191 recogitavi
873 3119 980 3175 melius
1038 3114 1085 3170 hie
1096 3114 1192 3171 noluit
1201 3117 1303 3172 audire
1313 3117 1391 3188 quod
1398 3119 1532 3188 jussit,et
1540 3116 1591 3188 qui
1600 3119 1855 3189 tempuscongmc

156 3218 221 3258 esse
236 3201 366 3258 atrabis
380 3201 432 3258 illa
447 3202 610 3275 significem
627 3222 633 3262 :
650 3207 790 3277 quonium
806 3224 868 3279 qua
885 3209 921 3263 ad
934 3225 981 3263 vc·
997 3181 1018 3246 C
1037 3204 1213 3276 paenitentia
1225 3204 1360 3276 perdidit,
1368 3204 1478 3261 frustra
1492 3207 1560 3260 anta
1570 3203 1653 3277 regni
1661 3204 1787 3275 januam
1796 3219 1854 3259 cnm

158 3294 234 3345 tram
250 3288 382 3344 notitiam
399 3307 457 3344 non
473 3292 656 3361 perveniunt,
676 3310 733 3349 non
751 3296 871 3367 potestis
891 3295 980 3351 corri-
1035 3293 1171 3364 precibus
1183 3293 1269 3349 venit.
1287 3293 1419 3348 Tertium
1434 3297 1490 3359 est,
1502 3293 1579 3364 quod
1595 3292 1670 3349 satis
1685 3291 1854 3348 invituscre

157 3392 225 3449 gere
241 3393 248 3431 ι
264 3380 293 3431 et
307 3381 571 3450 quantumcunque
585 3381 716 3437 divinum
737 3382 896 3454 judicium,
912 3383 982 3456 quia
1036 3381 1107 3453 didi,
1120 3381 1189 3455 qnia
1207 3385 1273 3454 post
1297 3386 1432 3454 percepta
1448 3380 1557 3449 omnia,
1569 3398 1636 3454 que
1649 3381 1687 3437 ad
1704 3381 1809 3438 victum
1826 3382 1851 3435 el

158 3464 246 3520 etiam
259 3464 289 3518 in
303 3482 362 3520 non
377 3465 491 3523 levibus
505 3468 648 3524 causisde
663 3469 829 3541 ignorantia
838 3472 982 3544 vapulavi·
1037 3474 1138 3541 potum
1155 3470 1319 3528 necessaria
1334 3474 1413 3537 sunt,
1426 3471 1460 3526 de
1475 3468 1608 3526 ecclesiis
1618 3472 1849 3542 raptoresantre

159 3568 236 3620 mus,
247 3553 271 3608 si
289 3553 339 3609 illa
354 3554 539 3627 ignoretisad
555 3573 643 3628 quem
659 3558 785 3629 pertinet
799 3561 874 3632 qaod
890 3561 982 3616 asub·
1036 3559 1235 3631 demptionem
1246 3560 1377 3632 erigunt.
1389 3562 1499 3615 auteas
1514 3557 1847 3631 infringuntflndecum

158 3640 228 3698 ditis
251 3643 355 3698 vestris
381 3643 411 3698 in
433 3643 561 3716 generali
583 3662 672 3701 causa
696 3647 900 3714 committitur,
923 3666 981 3705 nou
1036 3648 1146 3721 gemitu
1157 3647 1313 3721 gravidico
1328 3646 1398 3721 quid
1413 3648 1450 3703 de
1460 3646 1571 3703 talibus
1582 3646 1692 3718 poterit
1705 3662 1769 3702 esse
1779 3643 1846 3700 cbri-

157 3729 280 3801 potestis
295 3731 421 3803 effugere
437 3748 444 3785 ε
462 3735 490 3788 et
506 3731 678 3804 sciensque
693 3734 776 3790 vobis
791 3735 861 3792 utile
886 3741 931 3792 est
945 3739 981 3793 ad
1036 3736 1150 3792 stianis.
1168 3736 1275 3793 Paulus
1291 3737 1369 3792 enim
1386 3737 1422 3792 ad
1438 3735 1642 3792 testimonium
1657 3734 1777 3791 deducit
1793 3747 1845 3805 qen

159 3816 322 3883 sciendum,
338 3818 363 3872 si
378 3819 414 3873 ad
429 3822 556 3874 vestram
580 3820 715 3876 notitiam
743 3840 799 3877 non
824 3824 981 3894 portulam,
1037 3825 1114 3881 inter
1126 3825 1301 3897 gravissima
1315 3829 1433 3898 peccata
1447 3825 1580 3897 gravtam
1603 3823 1719 3897 putavit
1740 3822 1843 3880 diceas:

159 3904 322 3976 periculum
337 3906 401 3962 sine
415 3907 599 3965 dubitatione
622 3909 749 3966 incurro.
765 3911 806 3967 Do
822 3911 865 3968 his
887 3914 982 3970 tribua
1037 3915 1091 3983 Qui
1104 3915 1275 3970 oboriainoria
1289 3914 1363 3970 Mela
1377 3916 1554 3984 socrib’pium
1567 3916 1639 3986 focis
1654 3915 1742 3982 (Rom.
1761 3913 1842 3979 n,2‘tl,

160 4011 224 4065 quae
239 3994 337 4051 audivi
351 3996 409 4052 duo
425 3998 541 4053 credere
555 3998 771 4067 notui,tertium
786 4002 857 4058 satis
872 4003 982 4060 invitus
1037 4003 1126 4060 otiati
1142 4021 1210 4059 cum
1224 4003 1362 4059 omnibus
1378 4003 1444 4059 aliis
1459 4001 1649 4060 accumulant
1664 4000 1841 4075 sacrilegium

159 4083 279 4141 credidi.
294 4087 422 4150 Quorum
434 4086 563 4158 primum
574 4091 628 4154 est,
638 4089 708 4160 quia
722 4107 773 4162 per
788 4090 982 4163 plurimorum
1037 4096 1066 4148 ot
1081 4109 1140 4147 non
1155 4091 1363 4148 abominantur
1385 4089 1474 4159 idola,
1492 4090 1562 4164 quia
1585 4096 1616 4147 et
1639 4091 1718 4147 idem
1742 4091 1840 4146 sanatas

159 4189 209 4228 ora
225 4171 362 4245 vulgatur
385 4190 435 4230 vos
450 4173 556 4242 dicere,
568 4176 707 4247 quoniam
732 4180 779 4235 de·
792 4179 857 4236 istis
872 4180 982 4252 rapinis
1037 4180 1145 4237 Paulus
1155 4180 1226 4236 dicit
1243 4198 1249 4236 :
1266 4181 1444 4248 araveritis,
1460 4196 1523 4254 qam
1536 4180 1729 4237 estidolorum
1745 4178 1839 4236 araim

159 4267 248 4334 atque
258 4262 603 4335 depredationibusnihii
613 4282 663 4321 vos
673 4267 803 4323 debeatis
814 4268 981 4338 misculare,
1036 4269 1144 4341 (tiphos.
1159 4287 1186 4338 v,
1200 4271 1238 4338 5).
1258 4270 1335 4325 Dens
1345 4269 1531 4342 omnipotens
1546 4269 1712 4326 secundum
1726 4265 1838 4324 eumden

160 4350 610 4424 linusquisquesuadelcndatut
622 4359 726 4426 potest.
737 4357 819 4422 Quod
830 4356 982 4413 licotmen·
1036 4357 1208 4430 Apostolum
1221 4360 1270 4414 det
1284 4357 1366 4415 vobis
1388 4362 1417 4414 et
1431 4357 1504 4414 velle
1517 4362 1546 4413 ot
1561 4359 1701 4430 perticere
1716 4372 1765 4430 pro
1780 4353 1837 4409 bont

159 4438 350 4497 daciumesse
360 4441 734 4513 cognoverim,noluivobis
745 4444 933 4514 abscondere,
950 4451 983 4503 ut
1036 4447 1184 4504 voluntate
1200 4448 1277 4519 quod
1297 4447 1380 4504 vobis
1400 4452 1429 4503 et
1444 4446 1528 4503 nobie
1538 4463 1572 4502 ae
1588 4463 1679 4520 regno
1692 4445 1770 4504 vobis
1781 4455 1837 4499 eon·

160 4525 367 4585 demonstretis
377 4545 462 4601 opere
472 4528 550 4602 quod
562 4529 668 4587 laisum
684 4535 729 4588 cst
744 4534 821 4604 quod
836 4536 981 4593 autmali-
997 4558 1021 4622 D
1037 4538 1127 4595 misso
1139 4541 1184 4594 est
1199 4554 1283 4610 opus.
1595 4552 1599 4557 ’
