3810 6098
47 325 117 389 985-
531 323 767 388 lNS'l’ltUG'llO
789 325 843 386 nn
860 320 1089 386 nunovlennt
1109 323 1281 388 BALBUM.
1692 326 1761 393 988

48 474 148 515 mores
163 457 311 514 discordia
325 461 389 512 orta
400 459 455 525 est,
466 457 605 530 quoniam
620 457 711 530 aliqui
728 458 792 514 sine
808 456 878 513 alio·
890 456 918 524 p(
933 472 1019 512 carne
1035 455 1214 530 propinquos
1229 460 1258 514 et
1271 457 1453 518 Christianos
1466 465 1581 520 tentum
1596 465 1707 523 malum
1725 469 1760 524 et‘

49 565 117 605 rum
133 547 256 603 consilio
272 548 336 617 ejus
347 547 585 603 constitutionem
598 548 744 603 vindicare
759 546 814 602 sibi
831 563 877 602 vo·
931 549 991 600 tam
1007 547 1117 618 grande
1132 545 1295 619 periculam
1310 548 1341 603 in
1357 549 1516 608 Fontanido
1532 551 1753 630 devenitqusn·

51 636 182 692 luerunt.
200 640 267 703 orte
283 637 430 692 discordia
444 653 502 690 non
516 637 579 691 sino
591 636 800 708 impedimento
822 634 878 690 luit
933 638 996 690 tum
1012 635 1088 690 inter
1101 635 1282 692 Christianos
1305 653 1364 693 non
1389 639 1495 695 accidit
1508 658 1543 697 ex
1564 659 1597 698 eo
1612 647 1752 717 tempere,

52 725 360 800 pacificatabegimus
374 725 521 796 quiaboni
534 741 616 797 reges
626 724 776 779 constituti
785 725 877 779 bonos
933 741 990 797 quo
1004 724 1131 796 primam
1147 725 1268 782 Carolus
1284 743 1351 781 cum
1369 727 1551 800 Raganlredo
1568 730 1596 786 in
1612 732 1754 798 Vinciano

52 814 109 871 sibi
125 813 310 870 consiliarios
325 813 532 882 adhibuerunt,
543 819 572 869 et
588 831 638 886 per
648 814 740 868 bonos
754 829 836 885 reges
850 818 879 869 et
934 813 1082 886 pugnavit.
1099 814 1155 869 Sed
1167 832 1224 869 uon
1240 832 1292 887 pro
1303 813 1353 870 illa
1368 815 1523 886 occisione,
1535 835 1599 891 qum
1615 820 1690 877 lacta
1700 822 1759 886 luit

51 904 145 959 bonos
157 903 342 959 consiliarios
352 920 508 975 regnorum
521 902 619 976 populi
634 902 726 956 multa
739 903 815 957 bona
825 902 877 957 ha·
933 903 963 957 in
989 903 1157 970 fontanido,
1174 920 1230 975 pax
1253 903 1283 959 in
1306 921 1395 978 ragno
1420 905 1561 978 provenit,
1578 909 1628 964 sed
1652 910 1756 973 tandiu

52 993 192 1059 buerunt,
209 996 238 1047 ct
252 1009 302 1064 per
317 991 410 1047 malos
425 1008 507 1064 reges
531 995 559 1047 ct
582 990 675 1046 malos
697 990 878 1047 consiliarios
933 991 984 1047 illa
1000 992 1117 1047 miseria
1142 992 1217 1048 inter
1241 992 1598 1067 Christianumpopulum
1623 1000 1652 1053 et
1670 1013 1757 1056 carue

54 1099 213 1154 regnorum
230 1081 329 1154 populi
346 1081 440 1135 mulla
454 1079 532 1136 mola
546 1080 760 1136 sustinuerunt.
843 1078 848 1083 '
935 1081 1115 1153 propinquos
1131 1082 1249 1150 mansit,
1266 1082 1367 1149 donec,
1383 1082 1490 1139 vellent
1504 1083 1760 1154 nollent,et'senio·

89 1172 159 1226 Gar.
170 1171 204 1225 ll.
217 1171 252 1226 Ut
267 1171 302 1226 do
320 1170 529 1226 recentioribus
540 1170 671 1225 historiis
685 1170 767 1225 vobis
779 1187 880 1243 propo·
935 1187 982 1225 res
997 1171 1116 1243 stregai
1132 1170 1273 1242 primores
1288 1171 1318 1227 iu
1328 1175 1496 1244 trespartes
1511 1190 1634 1248 regnum
1650 1176 1759 1239 divise-

55 1278 125 1316 nam
154 1261 287 1332 exempla
304 1276 310 1313 :
329 1261 450 1325 Quando
479 1259 618 1332 Pippinus
647 1260 756 1314 abavus
785 1263 881 1315 vester
936 1263 1047 1329 runt,et
1061 1277 1113 1332 per
1127 1265 1311 1327 sacramenta
1325 1261 1419 1333 ipsam
1435 1261 1608 1321 divisionem
1624 1261 1766 1331 stabilem·

56 1348 206 1420 agrotavit
228 1349 258 1402 in
284 1348 455 1403 iutlrmitate
479 1349 514 1403 dc
538 1365 597 1420 qua
617 1353 645 1403 et
669 1351 802 1403 mortuus
824 1353 879 1418 est,
936 1365 1000 1404 esse
1015 1349 1120 1404 debere
1135 1349 1392 1404 confirmaverunt.

57 1440 134 1510 apud
152 1438 363 1493 monasterium
380 1438 473 1492 sancti
499 1437 627 1511 Dionysii
653 1439 733 1511 regni
759 1439 805 1494 sui
822 1438 880 1510 pri-
972 1439 1040 1494 Car.
1057 1437 1091 1493 V.
1108 1439 1222 1493 Mortuo
1239 1438 1384 1506 bethario,
1398 1436 1450 1506 nni
1465 1441 1529 1512 ejus
1544 1456 1667 1515 regnum
1680 1442 1760 1510 illius

57 1545 153 1584 mores
169 1527 344 1594 convocavit,
352 1532 380 1582 et
395 1544 495 1582 corum
511 1527 633 1582 consilio
647 1525 803 1600 disposuit,
813 1545 882 1600 qua-
937 1526 1012 1582 inter
1026 1544 1057 1583 se
1073 1526 1433 1585 diviseruntUndeadhuc
1443 1526 1502 1585 illis
1512 1528 1675 1589 viventibus
1685 1533 1763 1591 theta·

57 1617 122 1673 liter
137 1621 205 1689 post
220 1632 287 1671 earn
304 1615 355 1670 lilii
371 1615 417 1670 sui
432 1614 644 1671 Carlomannus
654 1620 682 1672 et
696 1615 880 1689 Carolus,qui
937 1620 981 1672 est
995 1616 1120 1672 firmitas
1131 1632 1182 1693 per
1191 1620 1409 1684 sacramentum
1420 1618 1620 1691 inter‘patrem
1630 1625 1760 1679 vestrum

59 1723 124 1763 cum
140 1723 175 1762 eo
190 1709 282 1772 erant,
299 1721 423 1778 regnum
443 1706 507 1776 ejus
532 1705 650 1777 pacifice
674 1707 880 1778 gubernarent.
937 1709 966 1762 et
981 1708 1258 1777 patruumvestrum
1275 1698 1582 1765 liudovicumihiort'uo
1597 1712 1695 1773 auwrn
1707 1712 1761 1773 Lo-

59 1797 174 1852 ltlcrtuo
189 1798 288 1850 autem
304 1793 364 1860 illo,
376 1800 405 1850 et
417 1811 485 1850 cum
501 1811 608 1867 magna
623 1794 774 1851 devotione
788 1796 883 1867 sepul·
897 1830 922 1897 B
937 1795 1031 1850 theria
1047 1795 1107 1851 silio
1119 1794 1332 1867 bothariipost·
1342 1796 1452 1863 multas
1463 1799 1762 1866 controversiasta'cta

60 1890 98 1953 to,
112 1883 326 1940 Carlomanuus
341 1884 376 1938 ad
393 1883 575 1950 Suessiones,
592 1888 621 1938 et
636 1883 755 1940 Carolus
779 1885 814 1940 ad
831 1886 884 1940 No·
938 1888 982 1941 est
997 1884 1099 1940 divisio
1116 1884 1191 1940 inter
1205 1888 1317 1957 patrem
1333 1888 1473 1955 vestrum,
1490 1889 1519 1942 st
1543 1891 1680 1960 patruum
1695 1906 1763 1947 ves·

58 1975 189 2029 viomum
210 1976 360 2040 venerunt,
377 1977 405 2027 et
419 1972 532 2027 decimo
549 1973 651 2044 quinto
667 1972 713 2027 die
724 1977 789 2045 post
805 1973 883 2029 illius
937 1978 1015 2029 trum
1028 1973 1216 2041 Ludovicum,
1234 1975 1270 2030 de
1285 1978 1368 2046 parte
1388 1974 1477 2048 regni,
1492 1974 1631 2041 Lotllarii.
1648 1976 1766 2036 lllortuo

59 2064 173 2120 obitum
189 2062 311 2118 consilio
328 2066 356 2117 et
368 2061 475 2117 auxilio
488 2061 568 2134 regni
584 2061 745 2134 primorum
757 2061 786 2116 in
801 2080 883 2135 reges
938 2066 1035 2118 utitem
1050 2060 1194 2117 Ludovico
1210 2062 1297 2117 tratre
1310 2056 1440 2117 Lotharii
1454 2061 1484 2118 in
1502 2063 1762 2138 Langobardlane-

60 2153 144 2209 levati
156 2156 269 2217 suntet
280 2150 484 2223 unusquisque
495 2151 530 2206 de
539 2150 620 2223 regni
630 2151 809 2222 primoribus
820 2152 884 2208 sinc
938 2150 1047 2223 quisita
1061 2154 1105 2207 est
1121 2150 1196 2223 patri
1211 2154 1307 2207 vestro
1322 2168 1348 2216 a,
1360 2151 1448 2207 tratre
1463 2167 1516 2208 suo
1531 2156 1560 2208 et
1573 2170 1591 2209 a
1606 2152 1686 2221 ultis·
1698 2156 1769 2227 ejus·

61 2241 121 2299 ulla
137 2241 322 2297 contentione
335 2242 370 2295 ad
387 2258 484 2313 regom
500 2255 587 2295 suurn
598 2240 813 2296 convenit.Post
824 2246 884 2297 tres
938 2256 1006 2313 pars
1021 2241 1057 2295 de
1072 2256 1163 2313 regno
1174 2239 1355 2296 illiustunde
1367 2239 1468 2305 adnuo,
1479 2239 1591 2297 vivente
1607 2231 1762 2313 lauderico,

60 2332 175 2387 circiter
190 2347 283 2386 annos
299 2334 414 2384 mortuo
430 2329 623 2396 Carlomanno
635 2329 664 2383 in
676 2329 882 2398 Salnrontiaco,
938 2330 987 2386 sed
998 2333 1027 2385 et
1037 2327 1775 2401 annopreterito,talesdev¹eneruntmiseriae,sicut'

60 2420 140 2476 venit
155 2419 275 2474 Carolus
290 2421 326 2474 ad
342 2420 573 2482 Corbennaeum,
588 2422 617 2472 et
632 2417 712 2490 regni
729 2419 882 2490 primores,
938 2418 1020 2474 vohis
1035 2421 1105 2473 sunt
1116 2420 1202 2486 nota,
1213 2420 1241 2472 et
1255 2417 1310 2472 hoc
1325 2433 1402 2474 anno
1412 2416 1481 2473 talis
1491 2418 1765 2494 provenitlugeuda

61 2509 107 2581 qui
126 2525 193 2563 cum
210 2508 403 2563 Carlomanno
421 2508 547 2572 luerunt,
565 2505 634 2561 illuc
650 2506 685 2561 ad
700 2523 766 2561 curn
781 2524 883 2563 convc-
939 2506 1104 2574 infelicitas,
1118 2524 1181 2578 qaas
1198 2523 1249 2578 per
1274 2507 1442 2563 universum
1465 2523 1539 2580 pene
1562 2499 1720 2579 mundum,
1736 2513 1775 2566 et·

62 2601 177 2665 nerunt,
194 2596 322 2668 exceptis
339 2596 451 2668 paucis,
468 2595 627 2666 dequibus
651 2611 709 2650 non
734 2600 779 2652 est
798 2596 884 2652 modo
938 2613 991 2668 per
1006 2596 1104 2651 lutura
1118 2599 1250 2666 tempora
1264 2595 1367 2650 merito
1381 2594 1436 2652 erit
1448 2595 1479 2652 in
1494 2597 1704 2679 opprobrium„

63 2686 259 2743 necessarium
276 2685 382 2740 dicere.
975 2685 1042 2740 Car.
1059 2684 1105 2739 Vl.
1124 2685 1279 2756 Propterea
1301 2683 1420 2739 videtur
1435 2685 1597 2758 exiguitati,
1612 2701 1694 2756 mee,
1717 2705 1763 2745 ve·

95 2776 163 2831 Car.
179 2775 228 2829 lll.
246 2774 360 2828 Mortuo
376 2776 473 2828 autem
488 2772 591 2828 Carolo
606 2773 827 2844 imperatorem
839 2791 884 2830 se·
939 2777 1033 2830 strum
1049 2789 1114 2829 esse
1129 2772 1333 2839 consilium,ut
1344 2773 1380 2828 de
1390 2773 1521 2846 antiquis
1532 2774 1664 2840 historlls
1674 2789 1766 2850 quana

62 2865 143 2937 pulte
159 2865 189 2918 in
204 2862 296 2935 Aquis
312 2861 429 2934 palatie,
447 2862 527 2934 regni
545 2860 752 2935 primores,qui
768 2880 836 2919 cum
852 2882 885 2920 eo
939 2867 1003 2918 tum
1019 2862 1142 2935 potestis
1158 2861 1326 2929 attendetis,
1343 2876 1380 2918 ne
1392 2863 1422 2918 in
1433 2861 1555 2928 exordio
1570 2865 1652 2939 regni
1675 2867 1777 2922 vestri·

63 2958 155 3019 erant,
173 2954 318 3008 miserunt
333 2952 369 3006 nd
381 2951 559 3006 bridovicum
575 2968 662 3006 avum
678 2956 818 3019 vestrum,
834 2954 885 3025 qui
940 2951 1017 3007 inter
1031 2949 1174 3026 primores
1184 2950 1265 3023 regni
1281 2950 1317 3006 de
1328 2954 1423 3014 vestro
1435 2951 1576 3025 regimine
1585 2941 1764 3018 oriaturdis·

61 3047 121 3099 erat
137 3042 166 3097 in
182 3041 336 3097 Teutuado
351 3057 357 3095 :
374 3041 423 3112 qui
439 3039 591 3111 trigesimo
607 3041 654 3096 die
677 3045 743 3112 post
761 3046 884 3098 mortem
940 3041 1049 3106 cordia,
1066 3058 1129 3113 quae
1146 3056 1206 3107 non
1219 3039 1282 3095 sine
1297 3039 1703 3115 impedlmenthppsslt'esse
1715 3057 1763 3106 se'·

61 3131 212 3204 patrissui
227 3129 306 3185 venit
321 3129 454 3201 donisel
469 3129 630 3202 cumregni
646 3128 808 3201 primorum
820 3148 886 3187 con·
940 3131 1009 3186 data
1026 3147 1031 3185 :
1048 3133 1077 3186 et
1101 3129 1182 3203 regni
1204 3129 1356 3202 primores,
1374 3130 1435 3203 qui¹
1449 3129 1605 3198 vobiscum·
1625 3137 1708 3204 sunt,
1721 3133 1763 3199 sit

61 3221 126 3277 silio
142 3219 261 3291 pacifice
277 3234 399 3290 reguum
415 3218 570 3290 disposuit,
588 3219 783 3287 donec,causa
793 3237 885 3277 emer·
899 3201 931 3268 G'
942 3218 1055 3292 seipsos
1069 3223 1098 3275 et
1110 3236 1179 3274 suas
1201 3218 1367 3281 voluntates
1389 3224 1620 3302 contemperent}
1637 3238 1672 3279 ne
1691 3221 1764 3286 elles

61 3315 146 3382 geute
161 3325 250 3381 quam
276 3325 333 3363 non
350 3311 462 3379 oportet
486 3324 565 3363 nunc
586 3309 691 3371 dicere,
707 3308 783 3365 inter
801 3309 885 3366 illum
940 3308 1027 3364 istius
1042 3309 1123 3380 regni
1140 3307 1282 3380 primores
1297 3308 1523 3366 ad‘scandalum
1538 3321 1598 3387 per
1610 3324 1694 3378 suern
1713 3326 1764 3372 uu·

61 3401 88 3454 et
103 3397 180 3453 lilios
196 3398 260 3468 ejus
283 3401 328 3453 est
352 3401 415 3451 orto
438 3395 594 3463 discordia,
617 3414 669 3468 pro
694 3415 752 3469 qua
779 3416 892 3472 magna·
940 3398 1091 3472 piditatem
1116 3401 1167 3452 aut
1187 3395 1394 3470 negligentiam
1418 3402 1583 3470 provocent·
1600 3399 1781 3467 Praeertlnr'·

61 3505 129 3560 pars
144 3489 180 3542 dc
196 3486 276 3557 regni
293 3485 471 3558 primoribus
484 3503 550 3540 cam
568 3485 704 3542 Lotvhario
721 3487 845 3559 perrexit
855 3488 885 3544 in
940 3504 1008 3543 cum
1024 3504 1080 3541 non
1098 3486 1230 3542 habeatis
1241 3486 1509 3560 iratrem‚ad'queru
1524 3489 1651 3567 populus
1662 3491 1766 3553 debeat

63 3576 307 3649 langobardiam.
631 3616 638 3626 .
941 3594 972 3640 sc
988 3570 1207 3642 divideresicut
1220 3591 1273 3631 nec
1289 3574 1400 3638 divisus
1415 3576 1576 3636 est'Carolo
1588 3578 1764 3653 imperatore

94 3666 164 3720 Car.
179 3664 223 3718 lV.
235 3665 348 3719 Mortuo
364 3663 509 3718 liudovico
525 3663 763 3736 imperatore‚avo
779 3671 885 3737 vostro,
941 3669 1067 3732 mortuo,
1084 3665 1134 3720 sed
1150 3681 1181 3719 se
1200 3662 1293 3720 univit
1315 3681 1383 3727 cum
1407 3666 1550 3732 Ludovico
1573 3664 1654 3727 illius
1678 3668 1776 3730 unico,

61 3755 181 3826 quidam
209 3753 244 3807 de
269 3752 354 3808 istius
379 3752 460 3824 regni
484 3753 664 3823 primoribus
695 3760 888 3812 evocaverunt
942 3753 1011 3810 filio.
1025 3754 1098 3809 Nam
1115 3753 1139 3808 si
1153 3751 1195 3808 illl
1206 3753 1275 3809 boni
1291 3753 1763 3831 baronespostmortem,Plppinl,

62 3841 244 3907 lothariam,
258 3846 286 3897 et
297 3842 441 3913 primores
456 3841 507 3912 qui
522 3858 589 3896 cum
606 3841 655 3896 illo
671 3845 803 3912 erant,de
815 3845 887 3901 Lan·
941 3861 1009 3900 cum
1023 3843 1139 3901 duobus
1154 3842 1293 3906 tratribus
1309 3842 1352 3900 sic
1367 3859 1438 3900 sano
1454 3843 1576 3907 consilio
1591 3850 1777 3920 egeruntgut',

61 3929 202 4007 gobardia
226 3931 255 3984 in
280 3930 359 3986 istud
383 3945 515 4001 regnum.
541 3931 575 3984 llt
599 3931 720 4002 quidam
745 3933 780 3986 de
804 3933 886 4005 regni
941 3949 997 4005 pax
1012 3932 1089 3987 inter
1103 3931 1207 3993 fratres
1222 3947 1305 4006 reges
1328 3932 1449 3994 etinter
1470 3919 1718 4008 regniprimcres
1733 3919 1766 3990 se

60 4019 241 4094 primoribus
264 4020 382 4073 luerunt
407 4035 474 4073 cum
496 4017 597 4073 Carolo
625 4023 706 4090 patre
734 4024 839 4088 vestro,
857 4027 897 4086 et,
941 4019 1083 4095 populum
1107 4019 1305 4088 esset,multo
1329 4019 1455 4087 facilius,
1472 4021 1536 4088 uisi*
1554 4039 1588 4081 se.
1607 4021 1717 4079 invidia
1737 4028 1777 4080 et¹

61 4110 183 4183 quidam
199 4125 268 4163 cum
280 4106 425 4163 Ludovieo
438 4110 542 4178 patruo
552 4111 658 4162 vestro.
669 4108 783 4164 lnteroa
793 4125 885 4181 coeps·
941 4109 1086 4183 cupiditas
1101 4106 1323 4177 intermiserint,
1330 4109 1481 4166 vobiscum
1492 4110 1550 4167 Deo
1566 4110 1727 4187 adjmante,
1735 4128 1766 4168 se

60 4195 222 4270 runtregni
234 4195 441 4269 primores,qui
453 4183 625 4251 cumtribus
642 4196 885 4266 tratribuserant,
942 4201 976 4256 ad
993 4199 1043 4254 Dei
1058 4196 1247 4263 voluntatem,
1263 4200 1292 4253 et
1307 4214 1391 4253 suam
1413 4196 1547 4256 salutem
1564 4198 1662 4254 venire
1686 4197 1765 4255 vale·

60 4285 234 4360 singillatim
251 4290 362 4340 certare
381 4285 416 4340 de
437 4285 609 4353 honoribus,
623 4286 733 4358 quiquo
756 4286 885 4360 illorum,
941 4290 1025 4357 bunt,
1043 4287 1227 4350 attendentes
1240 4290 1352 4359 quanta
1377 4285 1496 4342 miseris
1520 4285 1631 4343 accidit·
1653 4287 1689 4343 de
1704 4286 1763 4348 dis·

59 4377 138 4432 ande
154 4375 282 4446 majores
298 4377 326 4429 et
341 4372 440 4445 plures
455 4378 575 4446 possent
589 4374 720 4431 obtinere
737 4392 743 4429 :
762 4381 790 4431 et
806 4379 885 4449 parvi
941 4377 1050 4445 cordia,
1067 4392 1130 4449 quae
1146 4375 1222 4436 laeta
1236 4378 1281 4432 est
1295 4375 1379 4436 inter,
1389 4379 1448 4431 tres
1461 4375 1574 4433 ‚tratres
1595 4377 1662 4454 post
1686 4384 1764 4431 mor·

60 4466 223 4538 pendentes
237 4467 420 4519 sacramenta
444 4462 480 4518 de
495 4461 637 4519 divisione
659 4464 740 4535 regni
756 4465 841 4532 lacta,
858 4471 898 4522 et·
940 4471 999 4523 tem
1016 4464 1153 4522 Ludoviei
1169 4463 1363 4542 imperatoris.

59 4553 125 4626 plus
141 4554 288 4608 certantes
304 4552 339 4606 de
355 4550 472 4607 illorum
497 4551 668 4624 cupiditate,
685 4569 774 4624 quam
790 4555 825 4610 de
841 4572 885 4610 se·
902 4572 935 4640 [p
977 4555 1044 4611 Car.
1058 4553 1119 4610 Vll.
1135 4553 1193 4610 Vos
1208 4551 1299 4623 saitis,
1312 4553 1479 4633 quiapater
1489 4555 1584 4610 vester
1599 4552 1680 4628 prius
1692 4548 1766 4611 ltne-

59 4642 177 4698 niorum
194 4657 315 4697 suorum
326 4645 354 4696 et
364 4641 399 4696 dc
412 4658 467 4696 sua
477 4641 612 4710 salutc,et
622 4642 658 4696 de
669 4645 777 4697 sancta
788 4643 885 4700 Ecclc-
942 4643 998 4699 mis
1012 4644 1048 4699 dc
1063 4640 1272 4705 constitutione
1286 4644 1463 4714 vestrapost
1478 4640 1563 4699 illum
1577 4642 1607 4700 in
1623 4643 1765 4720 regimine

58 4730 106 4786 sia
124 4747 158 4785 ac
176 4727 275 4800 populi
293 4746 372 4801 pace,
388 4729 439 4800 qui
456 4747 523 4785 curn
541 4728 678 4785 bethario
694 4731 886 4797 erant,immi·
940 4732 1021 4806 regni
1047 4748 1113 4787 cam
1136 4729 1322 4802 primoribus·
1338 4729 1421 4805 regni
1442 4730 1488 4786 sui
1513 4731 1683 4810 disposuit:
1702 4733 1763 4800 ubi,

59 4824 162 4877 serunt
181 4818 309 4875 illumin
327 4819 391 4887 hoc,
408 4823 441 4873 ut
457 4819 560 4873 tratres
584 4836 653 4874 suos
677 4820 884 4890 exheredaret,
939 4825 1083 4895 quantum
1098 4820 1245 4889 recordor,
1260 4819 1386 4883 maxime
1401 4836 1506 4878 omnes
1517 4821 1604 4897 regni,
1620 4822 1765 4895 primores

57 4913 84 4964 et
98 4908 183 4985 regni
199 4908 342 4980 primores
365 4908 415 4980 qui
432 4924 499 4962 cum
523 4906 583 4963 illis
607 4912 690 4963 erant
708 4909 882 4978 annullaret,
939 4912 1068 4978 luerunt,
1085 4912 1204 4981 excepto
1219 4907 1376 4967 venerabili
1391 4908 1496 4973 abbate
1509 4909 1640 4984 llugone,
1657 4911 1763 4966 etber-

58 4996 199 5070 quoniam
214 4997 278 5069 ipsc
292 4996 505 5070 primogenitus
518 4999 547 5051 et
560 4996 590 5051 in
603 4997 721 5053 nomine
732 4997 885 5070 imperato
939 5000 1031 5056 nardo
1047 4998 1152 5054 comite
1165 4999 1365 5056 arvernense:
1378 5003 1407 5055 et
1417 5016 1519 5060 omnes
1534 4999 1696 5061 secundam
1707 4998 1764 5054 dis·

58 5086 97 5142 ris
113 5090 186 5142 erat.
204 5085 248 5141 llli
263 5089 361 5141 aulem
377 5087 426 5158 qui
444 5089 527 5141 crant
541 5103 607 5141 eum
629 5086 729 5142 Carolo
745 5091 773 5142 et
788 5087 883 5144 Ludo·
939 5089 1113 5163 positionem
1129 5087 1221 5160 patris
1236 5088 1323 5151 vestri
1343 5087 1372 5144 in
1392 5092 1488 5145 vestra
1514 5089 1604 5167 regia,
1616 5087 1761 5145 constitu-

55 5173 355 5245 vico,dicebant,quia
369 5174 498 5231 seniores
511 5173 627 5230 illorum
640 5175 768 5231 Letharii
779 5180 884 5233 tratres
938 5179 1017 5235 tione
1032 5177 1423 5251 consenseruntlltquando.
1435 5177 1565 5252 proxime
1576 5176 1605 5232 in
1615 5174 1761 5232 Carisiuco

57 5267 151 5331 eraut,
162 5268 192 5320 et
206 5281 258 5336 per
273 5269 458 5320 sacramenta
469 5281 591 5336 regnum
607 5264 683 5319 inter
698 5282 747 5321 eos
758 5266 884 5322 divisum
941 5269 1009 5324 inde
1027 5266 1184 5339 disposuit,
1199 5270 1229 5321 et
1252 5266 1371 5322 nomina
1393 5266 1478 5322 vohis
1499 5264 1645 5338 descripta
1669 5263 1760 5332 dedit,

57 5354 162 5418 fuerat,
179 5352 264 5408 atilli
282 5371 334 5408 noc
358 5370 474 5426 genere,
490 5371 543 5408 nce
566 5358 710 5425 potestate
734 5355 885 5411 interiores
941 5375 1065 5431 quornm
1080 5356 1202 5412 consilio
1218 5360 1247 5412 et
1261 5353 1368 5414 auxilio
1385 5355 1465 5427 regni
1481 5353 1597 5427 negotia
1607 5353 1761 5427 disponere

55 5447 151 5509 erant,
167 5459 257 5514 quam
275 5442 315 5497 illi
342 5442 390 5514 qui
417 5460 484 5497 cum
511 5440 644 5498 bethario
669 5449 760 5511 erant,
778 5449 806 5499 et
821 5443 885 5500 ideo
940 5444 1085 5502 deberetis
1096 5444 1183 5517 (inter
1196 5461 1273 5518 quos
1286 5445 1397 5500 etBosc
1408 5441 1574 5515 adscriptus
1590 5445 1761 5512 est),omues

56 5549 114 5588 non
132 5548 163 5588 se
179 5535 281 5587 contra
295 5530 360 5587 illos
374 5533 590 5587 concrederent.
603 5533 685 5588 Unde
701 5533 778 5589 mala
793 5532 886 5594 multa
939 5537 1097 5607 presentes
1113 5533 1279 5602 adfuerunt,
1295 5534 1412 5602 excepto
1436 5529 1499 5605 ipso
1519 5530 1640 5601 Cosone,
1653 5534 1686 5601 et
1701 5530 1760 5588 llu-

57 5626 86 5677 et
100 5619 232 5678 maxima
246 5619 431 5677 increverunt
450 5620 479 5676 in
496 5625 584 5688 terra,
602 5638 696 5692 usquc
719 5622 791 5677 dum
809 5622 886 5678 iuter
940 5640 1015 5696 gone
1029 5619 1446 5691 abbate,etBeruardoenmite
1461 5619 1616 5679 niverniso
1633 5623 1682 5678 :el
1696 5627 1758 5679 unt-
