3810 6098
143 302 202 380 tea
607 317 801 381 sinaitam
825 318 1049 381 arrauuusrs
1072 317 1382 382 anouruerseoet.
1789 314 1850 380 aaa

144 450 323 509 accessimus
336 468 342 508 ε
354 451 590 526 quiasieutdieit
600 454 666 525 Leo,
679 452 727 526 qui
752 452 887 509 babuerit
902 469 964 508 ma·
979 453 1007 520 A
1057 454 1122 509 llaec
1132 457 1310 511 estcensura
1322 450 1518 526 capitulorum
1534 449 1745 525 compilatoris,
1762 453 1849 526 quasi

142 540 205 597 lum
221 541 471 610 initium,dillicilc
486 544 595 599 bonum
611 543 730 599 habebit
745 560 925 615 processum,
937 547 967 598 et
1020 560 1077 598 uon
1093 543 1240 599 suffecerit
1254 545 1331 616 qaod
1349 543 1417 597 binc
1432 543 1591 598 decernant
1611 558 1748 597 canones.
1767 542 1850 599 Unde

144 631 214 687 siin
231 632 287 688 side
303 633 430 704 suspecti
446 634 599 700 fuerimus,
612 650 675 706 que
692 633 967 688 fundamentumest
1021 632 1155 689 dicamus
1167 650 1234 689 cum
1249 633 1346 689 boetio
1364 649 1370 688 :
1388 637 1451 689 lica
1464 648 1552 705 qaam
1573 632 1726 704 praecipiti
1748 645 1850 689 mersa

144 721 288 778 benorum
315 722 459 790 omnium,
478 723 554 777 bone
576 740 664 794 opera
688 722 750 778 sinc
775 722 966 776 laudamento
1019 721 1170 797 profundo
1185 739 1264 779 meas
1279 722 1519 778 debetlvidelicet
1531 721 1617 777 istius
1633 720 1755 792 capituli
1773 736 1850 776 ccm-

145 815 223 867 recto
239 829 296 866 nan
312 813 442 880 stabunt,
465 813 523 868 imo
547 829 598 868 nec
615 814 691 868 bona
706 814 799 866 erunt.
815 811 965 878 Quocirca,
1021 810 1163 884 pilatori5‚
1180 816 1213 867 ut
1225 829 1277 868 nee
1293 812 1370 884 quod
1387 811 1467 881 dicit,
1483 827 1535 866 neo
1551 810 1639 866 etiam
1656 808 1786 881 seipsam
1801 827 1848 865 co·

144 900 222 956 sicut
245 905 364 957 sanetas
389 903 473 958 docet
497 903 664 975 Gregorius,
680 905 771 956 restat
792 905 825 955 ut
839 916 965 972 quornm
1021 918 1160 974 gnoscere
1174 900 1276 957 valeat.
1294 901 1442 973 Scriptum
1459 905 1502 955 est
1517 899 1595 955 enim
1613 915 1619 954 ε
1637 899 1762 968 Mediae,
1779 915 1849 954 care

76 1060 80 1065 ἱ
144 989 203 1044 vita
217 989 388 1062 despicitur,
400 995 428 1047 et
438 990 606 1063 pradicatio
621 994 837 1056 contemnatur,
855 994 884 1045 ct
899 1006 966 1046 eum
1020 991 1203 1060 taractipsaai
1214 991 1426 1059 (l,ae.1v,23),et
1437 1005 1444 1044 ε
1456 991 1504 1044 Ea
1516 988 1610 1044 cerdis
1620 989 1683 1044 tais
1694 993 1723 1043 te
1741 989 1849 1060 judico

144 1082 245 1151 pastor
259 1096 310 1151 per
325 1080 449 1152 abrupta
462 1080 606 1152 graditur,
623 1080 658 1134 ad
685 1078 876 1152 praecipitium
897 1096 967 1152 grex
1021 1075 1100 1154 (Lae.
1116 1099 1174 1148 xrx,
1190 1083 1247 1149 22).
1263 1077 1368 1135 Videat
1393 1077 1518 1150 qualiter
1542 1076 1635 1132 isdem
1660 1077 1697 1132 ad
1713 1075 1848 1132 ordinem

145 1172 294 1239 sequatur.
312 1168 394 1225 Unde
407 1185 525 1225 necesse
534 1176 576 1224 cst
589 1167 683 1235 uobis,
695 1169 808 1225 cunctis
825 1169 899 1225 scire
914 1187 966 1226 vo·

144 1256 273 1313 lentibus
283 1258 493 1329 demonstrare,
506 1256 652 1330 quomodo
662 1257 705 1313 vel
722 1258 858 1331 qualiter,
873 1276 966 1331 quan·

144 1349 207 1402 tum
219 1348 254 1403 ed
268 1347 414 1403 humanos
425 1351 537 1419 spectat
551 1348 721 1414 obtutusad
737 1347 966 1405 ecclesiasticum

145 1435 222 1492 818
233 1435 365 1491 ordinem
387 1435 606 1492 accesserimus.
618 1437 652 1492 ut
667 1437 760 1509 primo
776 1438 811 1493 de
826 1441 968 1509 metropo-

143 1522 236 1580 litano
247 1523 426 1581 Rbemorum
438 1523 583 1598 episeopo,
596 1526 701 1582 deinde
711 1527 746 1583 de
756 1526 849 1598 ipsius
863 1526 966 1582 dioece·

144 1628 210 1668 sees
226 1613 428 1686 suffraganeis.
446 1615 480 1669 lit
495 1615 565 1686 quia
584 1630 642 1670 non
657 1631 711 1671 nos
724 1615 899 1687 specialiter,
916 1616 966 1671 scd

144 1700 318 1773 generaliter
327 1719 429 1759 omues
440 1703 604 1775 capitulum
614 1705 692 1760 istud
703 1704 967 1779 tangitepisccpos,

1021 1185 1137 1226 sacrum
1161 1167 1332 1241 pervenerit,
1349 1171 1378 1223 et
1407 1166 1449 1223 sie
1475 1165 1506 1221 in
1537 1165 1695 1237 semetipso
1724 1162 1848 1238 gloriam

1020 1262 1136 1314 tantum
1160 1257 1289 1327 hebebit,
1306 1262 1335 1312 et
1363 1273 1421 1311 non
1452 1256 1480 1310 in
1512 1254 1612 1311 altero.
1629 1253 1745 1310 Veritas
1770 1253 1849 1309 euim

1018 1349 1098 1404 Mt)
1114 1346 1199 1403 dicit:
1209 1347 1262 1416 Qui
1275 1362 1331 1403 area
1346 1348 1432 1402 intrat
1444 1362 1493 1418 per·
1502 1346 1603 1401 ostiam
1618 1347 1649 1400 ia
1662 1344 1734 1400 ooilc
1745 1346 1848 1410 oviam,

1021 1438 1067 1494 sed
1081 1436 1204 1494 ascendit
1217 1435 1340 1501 alioode,
1359 1435 1405 1491 tte
1431 1436 1479 1506 iar
1506 1441 1546 1490 est
1572 1440 1612 1489 et·
1623 1434 1703 1488 latro.
1718 1433 1774 1504 Epo
1788 1447 1851 1488 sara

1021 1529 1132 1596 ostiam,
1146 1542 1196 1599 per
1210 1542 1253 1582 me
1266 1526 1292 1581 si
1306 1526 1367 1597 qais
1383 1524 1521 1580 introierit
1547 1522 1700 1578 calcabitur
1712 1523 1803 1589 (ioca.
1819 1531 1848 1592 x,

1023 1618 1048 1685 l,
1060 1616 1114 1688 19).
1129 1616 1249 1672 Constat
1259 1613 1358 1687 igitur,
1375 1612 1515 1686 quoniam
1527 1610 1576 1684 qui
1588 1626 1639 1684 per
1648 1627 1717 1666 eum
1728 1608 1760 1665 in
1776 1603 1849 1665 ovile

1022 1705 1120 1762 ovium
1136 1723 1194 1760 non
1207 1704 1307 1771 intrat,
1323 1701 1353 1757 id
1369 1702 1464 1758 estad
1483 1700 1613 1774 regimen
1637 1714 1696 1756 non
1720 1705 1768 1755 est
1782 1715 1848 1772 pm-

136 1807 178 1848 ·eo
193 1790 254 1846 salo
270 1796 388 1864 excepto
404 1792 455 1864 qui
481 1791 552 1848 iliud
584 1794 750 1866 dictaverat,
767 1811 803 1849 ue
818 1795 853 1850 de
869 1799 969 1850 nostra
984 1823 1007 1888 B
1023 1800 1124 1851 vectus
1151 1792 1296 1862 Ecclesia,
1313 1809 1370 1848 non
1386 1795 1431 1847 est
1445 1795 1546 1863 pastor
1566 1788 1675 1858 oviam,
1692 1789 1744 1845 sed
1761 1790 1808 1844 lur
1821 1792 1851 1844 a

144 1878 335 1936 infamatione
349 1882 554 1938 tantummodo
569 1881 722 1938 videamur
737 1882 865 1950 solliciti,
882 1899 970 1955 pona·
1019 1882 1161 1956 latro,qui
1177 1900 1238 1943 non,
1251 1880 1422 1947 salvabitur,
1435 1881 1485 1936 sed
1501 1879 1701 1935 damnabitur.
1719 1877 1851 1945 Qualiter

145 1970 367 2026 masexordine
379 1969 969 2045 integritatemipsiuseapituli,etvideant
1020 1977 1120 2030 autem
1137 1972 1176 2028 sit
1190 1988 1241 2045 per
1256 1970 1376 2036 ostium,
1392 1968 1527 2025 videlicet
1550 1984 1602 2040 per
1625 1967 1788 2035 Christum,
1805 1966 1849 2022 in·

145 2057 313 2131 quicunque
323 2058 396 2115 illud
414 2059 546 2133 legerint,
559 2059 582 2115 si
598 2065 658 2116 tam
675 2066 893 2117 monstruosam
909 2061 968 2117 eri·
1021 2063 1162 2119 trandum
1177 2060 1207 2116 in
1223 2058 1296 2116 ovile
1312 2059 1421 2126 ovium,
1438 2058 1467 2113 id
1493 2061 1538 2113 est
1560 2054 1795 2112 ecclesiasticum
1809 2072 1851 2112 ra-

143 2145 335 2204 minationem
351 2147 650 2221 generalitercunetis
678 2149 969 2223 episcopiscivitati·
1021 2152 1120 2225 gimcn
1136 2149 1368 2222 suscipiendam,
1385 2147 1462 2203 idem
1476 2146 1609 2202 Christus
1625 2144 1735 2202 ostium
1750 2144 1849 2200 oviam

140 2232 604 2312 bus,plebibus,archiepiscopis,
616 2238 798 2312 principibus
813 2238 925 2295 illatam
940 2241 969 2295 et
1019 2241 1078 2310 via,
1102 2243 1130 2296 et
1153 2239 1270 2304 veritas,
1288 2240 1317 2293 et
1342 2237 1411 2307 vita,
1428 2237 1612 2292 demonstrat
1627 2228 1728 2291 dicens
1744 2235 1780 2289 de
1796 2246 1850 2290 suo

141 2323 302 2397 impactam
313 2325 581 2383 audierint'lextus
591 2328 669 2384 enim
680 2329 770 2399 hujus
781 2328 901 2401 capitali
913 2328 968 2384 iste
1022 2328 1132 2402 Spiritu
1149 2345 1156 2382 ε
1173 2328 1293 2400 Spiritus
1308 2328 1357 2399 qai
1371 2344 1387 2382 a
1403 2331 1485 2382 Patre
1503 2325 1634 2397 procedit,
1650 2324 1698 2380 itte
1712 2341 1759 2380 uos
1773 2324 1851 2380 dore-

145 2417 209 2471 ast:
238 2415 377 2486 «litquia
392 2415 550 2472 indiscussi
567 2421 596 2473 et
610 2417 810 2485 inexaminati,
826 2417 967 2473 scientie·
1023 2417 1061 2474 iit
1075 2420 1178 2485 omnic,
1194 2423 1220 2473 ct
1233 2422 1361 2489 sapqerct
1374 2415 1448 2471 vobis
1463 2416 1556 2470 emilia,
1571 2429 1739 2486 quacunque
1753 2413 1852 2469 dacaru

145 2519 202 2576 que
217 2501 380 2560 litterarum
406 2522 480 2578 pene
506 2504 611 2580 ignari,
628 2506 784 2578 minusque
804 2505 967 2578 apostolicas
1021 2505 1344 2575 ratisponenses).
1361 2505 1508 2560 Noaeaim
1527 2519 1572 2558 eos
1595 2504 1659 2559 eatis
1688 2504 1737 2575 qai
1764 2503 1852 2575 toqui·

143 2592 330 2666 preceptioni
343 2594 750 2668 appropinquantes,peceatis
762 2595 870 2652 nostris
881 2612 967 2668 agen·
1021 2599 1103 2664 mirri,
1119 2595 1165 2651 aad
1180 2595 1299 2668 Spiritus
1327 2595 1419 2650 Patris
1434 2595 1518 2648 vestri
1532 2594 1580 2664 qai
1595 2593 1717 2664 loquitar
1729 2593 1761 2647 iri
1775 2592 1853 2648 cotia

145 2681 236 2750 tibae,
252 2700 304 2756 per
319 2683 451 2740 civitates
466 2685 594 2758 episcopi
611 2685 795 2753 ordinantur,
809 2702 869 2758 qua
883 2702 967 2740 occa·
1022 2685 1125 2754 (liuttiu
1142 2703 1169 2752 x,
1185 2685 1242 2753 20).
1260 2681 1314 2749 Qui
1330 2699 1381 2754 per
1396 2699 1471 2755 quos
1487 2681 1564 2737 idem
1579 2681 1706 2752 Spiritus
1733 2679 1852 2736 locutus

145 2770 228 2827 sione
242 2771 367 2829 maxime
382 2773 464 2846 vigor
478 2773 695 2830 ecclesiasticas
709 2773 840 2847 deperiit,
859 2773 969 2846 placuit
1022 2779 1076 2846 est,
1093 2778 1125 2829 ut
1140 2777 1259 2830 sanctus
1274 2773 1330 2828 Leo
1345 2771 1426 2837 dicit,
1443 2770 1539 2826 adbuc
1569 2770 1723 2826 uobiscum
1739 2768 1769 2824 in
1786 2770 1853 2826 suis

146 2863 179 2915 ut
194 2861 217 2916 si
234 2864 351 2933 quando
367 2862 493 2936 alicujus
507 2863 633 2919 civitatis
648 2863 804 2936 episcopus
818 2863 969 2920 vocatione
1022 2861 1282 2920 constitutionibus
1296 2860 1480 2933 vivuat,quia
1496 2877 1554 2915 non
1568 2864 1615 2915 est
1628 2859 1706 2914 Deus
1721 2864 1853 2914 mortuo-

145 2949 261 3006 Domini
278 2951 465 3021 decessorum
475 2950 696 3026 gloriosissimis
711 2952 894 3026 principibus
902 2969 969 3025 sup·
1022 2968 1099 3020 rum,
1116 2952 1166 3008 sed
1182 2949 1352 3006 viventium.
1367 2950 1443 3022 Ergo
1459 2949 1508 3022 qui
1525 2952 1625 3004 contra
1647 2965 1746 3004 sacros
1757 2961 1852 3003 ‹aano-

144 3037 281 3112 plicaudo
291 3040 468 3113 postuletur,
479 3046 512 3098 ut
522 3042 693 3099 canonicam
705 3041 875 3098 electionem
891 3039 967 3097 clero
1022 3058 1084 3107 nes,
1101 3040 1216 3113 Spiritu,
1228 3038 1277 3095 Dei
1293 3055 1345 3110 per
1358 3053 1467 3111 organa
1487 3055 1541 3092 sua
1555 3036 1699 3104 conditos,
1713 3039 1742 3091 et
1757 3035 1851 3091 totius

144 3127 296 3204 etpopalo
326 3128 419 3202 ipsius
447 3131 574 3187 civitatis
601 3130 768 3204 permittere
798 3130 965 3204 dignentur,
1016 3130 1126 3186 mundi
1142 3126 1551 3192 reverentiaconseeratos,ad
1568 3124 1703 3181 Ecclesia
1718 3117 1851 3198 regimen

141 3219 233 3288 *atque
247 3217 287 3272 ita
301 3217 393 3273 autin
410 3217 496 3290 clero,
513 3224 565 3275 aut
587 3218 616 3274 in
642 3218 760 3292 populo,
776 3223 827 3274 aut
850 3216 967 3275 diaecesi
979 3196 1004 3263 'C
1016 3217 1201 3294 provehitur,
1219 3233 1276 3272 non
1305 3216 1397 3271 intrat
1423 3231 1475 3287 per
1504 3214 1612 3271 ostium
1641 3214 1669 3269 in
1696 3211 1781 3282 ovile,
1797 3214 1850 3269 sed

141 3304 305 3377 aerteipsa,
317 3305 481 3380 velsiopus
499 3308 537 3364 sit
556 3308 587 3363 in
606 3307 712 3364 vicinia
726 3307 829 3380 ipsius,
847 3307 968 3380 probata
1022 3307 1152 3365 aseendit
1167 3306 1296 3372 aliunde,
1314 3321 1347 3360 ac
1371 3321 1422 3377 per
1446 3303 1501 3359 hoc
1523 3304 1570 3359 lar
1595 3306 1683 3359 estet
1698 3301 1772 3358 latro
1788 3319 1795 3358 :
1813 3303 1850 3358 de

146 3395 175 3448 et
184 3392 280 3450 allicio
292 3393 380 3468 digne
390 3413 515 3469 persona
526 3401 682 3469 queratur,
695 3413 758 3469 qua
769 3397 887 3452 inventa
902 3413 968 3452 con·
1022 3395 1159 3470 qualibus
1170 3395 1241 3451 dieii
1253 3392 1409 3450 Psalmista
1419 3393 1543 3449 Domino
1556 3410 1562 3449 :
1575 3392 1849 3466 aejectsrtcosctam

146 3498 233 3537 sensa
247 3482 337 3539 totius
348 3483 416 3540 cleri
428 3490 456 3541 et
466 3485 564 3558 populi
578 3487 613 3540 ad
624 3485 766 3541 honorem
786 3485 835 3542 Dei
857 3483 967 3541 civitati
1021 3485 1229 3543 allevarentur·
1243 3482 1333 3551 (Psoi.
1348 3498 1433 3548 luxu,
1446 3482 1500 3551 ta).
1518 3483 1591 3537 Cum
1608 3480 1751 3536 allevatur
1767 3479 1849 3536 enim

145 3571 331 3643 praeficiatur.
349 3574 404 3630 Sed
420 3577 448 3629 ct
462 3575 486 3630 si
502 3592 519 3629 a
534 3573 649 3630 servitio
670 3574 784 3647 piorum
800 3575 966 3647 principum
1022 3574 1167 3647 dejicitur,
1180 3572 1231 3646 qui
1247 3570 1407 3629 honoribus
1423 3570 1577 3643 proficitct
1591 3569 1724 3625 moribus
1737 3568 1849 3625 deficit.

146 3664 313 3717 nostrorum
329 3661 436 3734 aliquis
451 3662 624 3719 clericorum
639 3663 759 3731 venerit,
776 3668 809 3720 ut
822 3663 908 3719 alicui
925 3662 967 3719 ci·
1022 3662 1178 3736 chuibus
1190 3660 1330 3718 Dominus
1341 3677 1393 3732 per
1404 3660 1577 3733 prophetam
1588 3657 1849 3732 queritardicens:

144 3747 225 3804 vitati
244 3756 430 3822 preponatur
443 3752 609 3823 episcopus,
627 3753 731 3809 timore
750 3757 830 3809 casto
845 3750 968 3809 sollicite
1015 3753 1078 3826 'ipsi
1087 3757 1312 3824 regnaverant&
1325 3766 1380 3806 aaa
1394 3767 1429 3806 ea
1442 3765 1507 3804 me:
1523 3749 1660 3821 principes
1675 3749 1849 3816 mamam,

138 3836 337 3905 examinetur,
354 3839 484 3911 primam
509 3842 595 3912 cujus
618 3841 683 3897 vita
698 3841 747 3907 sit,
763 3840 868 3897 deinde
883 3842 968 3912 cujus
1021 3849 1115 3899 etam
1129 3840 1241 3912 ropaoai
1256 3838 1326 3913 (Osa.
1342 3840 1458 3910 v1u,l).
1474 3841 1497 3893 A
1513 3853 1545 3894 se
1560 3853 1687 3909 namque
1701 3840 1731 3892 et
1745 3850 1806 3891 non
1817 3851 1852 3891 ex

63 3981 65 3984 ,
147 3923 318 3991 scientiaeet
332 3925 429 4000 vigore
444 3928 640 3985 ecclesiastico
656 3930 711 3985 sub
728 3928 821 3986 oculis
835 3930 968 4001 omnipo·
1023 3929 1142 3987 arbitrio
1158 3929 1266 3985 summi
1283 3928 1404 3984 rectoris
1420 3925 1607 4000 regnant,qui
1619 3941 1673 3982 sua
1687 3924 1851 3997 cupiditate

142 4013 235 4069 tentis
246 4013 298 4069 Dei
311 4019 378 4089 agat
388 4015 643 4090 metropolitanus,
655 4017 685 4073 in
695 4018 750 4074 hac
761 4023 842 4091 parte
857 4018 969 4074 ceteris
1023 4016 1757 4090 accensi,culmenregiminisrapiuntpctiasquam
1769 4030 1851 4069 asse·

146 4101 290 4176 episeopis
301 4104 378 4160 sicat
388 4105 438 4160 Dei
450 4104 595 4162 ministris
607 4107 785 4178 adjutorium
798 4107 967 4176 ferentibus,
1023 4113 1155 4182 quantur
1167 4125 1174 4164 :
1187 4122 1261 4180 quos
1275 4112 1375 4162 tamen
1389 4105 1525 4161 internas
1536 4105 1629 4176 judex
1642 4110 1672 4160 et
1681 4102 1852 4175 provehitat

145 4208 182 4247 ne
197 4191 349 4249 maculate
368 4194 443 4262 vita,
461 4200 490 4251 et
517 4213 625 4268 pompa
653 4195 751 4252 saculi
778 4197 926 4270 turgidas,
942 4200 971 4252 et
1024 4215 1081 4254 non
1097 4195 1257 4270 cognoscit,
1275 4193 1344 4267 quia
1359 4211 1432 4267 quos
1444 4194 1641 4266 permittendo
1655 4192 1770 4257 tolerat,
1787 4207 1852 4265 pra

146 4280 313 4338 Simoniaea
342 4282 445 4340 heresi
473 4281 613 4356 pollutus,
630 4284 793 4341 humilibus
808 4290 837 4341 et
851 4284 970 4341 mundis
1024 4287 1097 4344 lecto
1114 4285 1324 4358 perjudicium
1345 4284 1557 4358 reprobationis
1572 4283 1698 4357 ignorat,
1713 4287 1743 4338 et
1758 4282 1789 4337 in
1800 4286 1850 4338 'ta-

146 4371 968 4447 membrisGhristiEcclesiaquesupponatarepiscopus.
1015 4376 1097 4433 'lium
1126 4373 1310 4448 provectione
1338 4391 1396 4429 non
1426 4378 1481 4440 est,
1498 4376 1530 4429 ut
1554 4374 1610 4429 Leo
1633 4371 1716 4440 dicit,
1732 4370 1852 4444 populis

146 4457 970 4535 Necrprresamatillitteratum,ctcupiditateillicitaere-
1025 4463 1441 4531 consulereseduocore,nec
1471 4466 1608 4535 prestare
1638 4461 1769 4533 regimen
1800 4460 1851 4517 sed

147 4549 256 4614 catum,
274 4549 443 4605 reddituras
466 4551 533 4607 iacti
557 4551 676 4608 sallisa
692 4551 845 4621 rationem,
864 4552 971 4624 populo
986 4566 1009 4631 Ι)
1026 4571 1132 4629 augere
1146 4553 1315 4610 discrimen.
1331 4552 1505 4609 Revertatur
1527 4551 1617 4624 igitur
1632 4550 1680 4606 hic
1695 4551 1853 4623 derogator

147 4635 302 4705 praeficere.
319 4637 348 4692 Si
362 4653 428 4694 vero
445 4640 642 4696 necessarium
657 4640 751 4697 isdem
775 4641 970 4714 metropolita·
1024 4648 1125 4700 noster
1146 4643 1181 4699 ad
1212 4658 1298 4699 suam
1327 4640 1612 4713 conscientiam,qai
1633 4643 1737 4696 contra
1752 4656 1853 4696 sacras

148 4741 204 4779 nus
219 4724 332 4794 viderit,
349 4744 386 4782 ne
401 4731 515 4784 tantum
544 4729 656 4785 malurn
686 4735 807 4806 cogatur
828 4736 972 4804 agerent
1026 4732 1143 4806 regulas
1154 4732 1190 4787 ab
1201 4728 1369 4787 Ecclesiain
1392 4747 1450 4802 qua
1466 4730 1521 4785 luit
1534 4733 1638 4785 tonsus
1653 4732 1682 4785 ct
1696 4727 1853 4785 ordinatus

147 4811 431 4872 indebitohonorem
448 4817 533 4874 bonis
556 4821 672 4874 tantum
701 4819 833 4875 debitam
863 4821 970 4887 tradat,
1027 4823 1190 4891 discedens,
1216 4821 1252 4877 ad
1268 4820 1342 4877 alias
1357 4819 1520 4892 provincias
1535 4818 1709 4887 convolavit,
1724 4821 1753 4874 et
1767 4834 1855 4875 cano-

147 4899 275 4957 instruat
285 4903 438 4976 populum,
450 4906 586 4962 inicrmet
596 4907 766 4975 Ecclesiam,
779 4908 877 4980 potius
892 4907 971 4964 adire
1025 4912 1091 4968 nice
1101 4909 1400 4967 excommunicatione
1410 4909 1573 4975 devinctus,
1584 4907 1654 4981 quia
1667 4908 1790 4964 verbum
1803 4912 1854 4964 Do

147 4990 333 5048 clementiam
349 5010 462 5068 regam,
477 4998 506 5051 et
520 4995 583 5068 ipse
606 5012 674 5052 eum
704 4995 885 5069 coepiscopis
910 4998 972 5053 suis
1026 4999 1099 5056 mini
1110 5017 1167 5055 non
1180 5003 1224 5055 est
1243 4998 1406 5072 alligatum,
1423 4996 1624 5071 irregulariter
1638 4995 1794 5068 usurpavit
1808 5014 1853 5053 rc·

147 5081 256 5152 quibus
271 5080 395 5138 valuerit
410 5084 505 5141 modis
521 5086 615 5153 adeat,
625 5089 658 5140 ut
672 5085 831 5142 Ecclesiam
848 5086 904 5142 Dei·
913 5086 972 5160 glo-

147 5170 216 5226 riosi
234 5189 316 5244 reges
329 5172 416 5247 digno
432 5172 575 5230 honorent
590 5174 735 5231 ministro.
747 5176 776 5232 Si
793 5180 891 5232 autem
906 5180 971 5231 tar-

147 5260 223 5332 piter
235 5260 394 5332 cupiditate
409 5280 584 5336 quacunque
609 5264 850 5337 metropolitanus
864 5265 970 5336 victus,

147 5353 200 5404 aut
214 5348 311 5422 aliquo
328 5368 448 5408 munere
464 5352 972 5427 deceptus‚taatumopusnegligen-

147 5442 192 5492 ter
206 5443 234 5493 et
248 5455 322 5510 agre
338 5441 425 5497 luerit
439 5446 603 5510 exsecutus,
616 5440 762 5514 judicium
789 5442 889 5498 omnia
913 5458 972 5497 eer-

148 5527 245 5583 nentis
257 5529 304 5584 aei
316 5547 346 5584 se
358 5530 505 5587 incurrere
516 5548 573 5587 uon
594 5530 725 5586 dubitet:
743 5531 794 5586 scd
810 5534 837 5586 ct
853 5535 969 5586 senten-

148 5613 189 5681 tia
202 5615 405 5677 Ecclesiastica
419 5619 530 5679 noverit
544 5636 575 5676 sc
590 5619 781 5691 culpandum.
799 5641 813 5669 a

1026 5091 1135 5163 gimcn,
1147 5093 1176 5145 et
1186 5088 1242 5145 sibi
1253 5105 1286 5144 ac
1297 5087 1516 5144 ordinatoribus
1527 5085 1600 5152 suis,
1613 5102 1727 5141 necnon
1736 5089 1767 5142 et
1782 5087 1853 5143 sab·

1026 5178 1095 5235 ditis
1109 5177 1227 5234 adauxit
1238 5176 1487 5243 discrimen,sieut
1498 5177 1553 5231 Leo
1565 5192 1641 5248 papa
1655 5175 1853 5231 demonstrat.

1061 5268 1117 5324 Sed
1133 5271 1162 5322 ct
1175 5266 1338 5322 notandum
1368 5265 1437 5338 quia
1467 5265 1600 5337 quadam
1617 5262 1652 5320 de
1665 5263 1855 5337 preficiendo

1025 5355 1134 5412 civitati
1150 5353 1285 5427 episcopo
1301 5354 1416 5410 decreta
1431 5351 1856 5427 omiserit,autoblivionecap·

1024 5448 1083 5513 tus,
1101 5448 1152 5499 aut
1172 5443 1349 5500 conscientia
1364 5444 1546 5500 stimulatus.
1563 5445 1688 5499 Cautum
1703 5441 1856 5514 siquidem

1025 5533 1102 5589 inter
1111 5533 1168 5588 alia
1178 5531 1254 5588 sacri
1269 5548 1395 5589 canones
1410 5533 1610 5600 decreverunt,
1626 5532 1710 5588 atde
1727 5530 1786 5588 alia
1801 5531 1857 5588 Ec·

1026 5621 1234 5694 clesiapetitas
1250 5622 1294 5678 vel
1310 5625 1447 5694 sumptas
1457 5622 1483 5678 is
1499 5620 1550 5695 qui
1565 5620 1654 5678 lberit
1668 5620 1858 5678 ordinandus
