3810 6098
97 219 175 283 roro
483 211 676 277 aroucam
701 212 1028 276 ansu.aann1nr.
1052 215 1257 280 causeam
1279 215 1415 312 vanis,
1449 178 1451 182 ’
1727 216 1803 282 roso

94 353 150 424 15).
166 353 202 410 llt
216 350 322 409 iterum
338 366 346 409 ε
362 351 394 408 lit
408 366 465 408 aaa
479 351 545 406 estis
559 349 642 406 vestri
656 367 665 402 .·
680 350 765 420 empti
774 349 921 405 animastis
935 348 963 416 A
978 349 1091 404 minum
1101 349 1390 423 impudentissimam
1398 349 1618 425 audaciam,qui
1626 349 1802 409 calcatisbei

91 445 180 517 pretio
189 441 455 514 mapae‚plorificate
465 447 491 495 et
498 445 602 511 portate
611 439 795 494 Darninamio
806 452 919 509 corpore
976 436 1101 509 legibus,
1113 441 1141 493 et
1156 437 1409 495 sanctissimorum
1424 439 1543 495 Petrum
1554 438 1731 494 auctoritate
1741 455 1803 495 con·

93 541 180 588 vestre
192 532 218 599 (l
226 530 287 587 Cor.
298 530 402 598 x1,20).
413 528 493 584 Istud
502 530 547 582 ast
556 524 699 598 templum
711 525 803 592 Dci,et
814 526 920 581 domus
974 526 1215 598 tempta,absque
1231 525 1290 581 ulla
1304 525 1394 582 divini
1412 526 1472 583 sive
1483 526 1606 583 humani
1623 525 1746 599 pudoris
1761 545 1801 584 re-

94 619 145 687 llei
160 617 226 687 viri,
243 618 279 674 de
294 634 352 691 qua
367 616 510 687 scriptum
529 619 575 670 est
591 631 597 668 :
614 615 729 670 Damam
753 622 828 669 taam
847 613 920 669 decet
974 613 1113 682 verentia,
1126 618 1270 687 tanquam
1285 615 1371 670 bruta
1382 620 1411 671 et
1426 614 1642 671 irrationabilia
1656 615 1799 695 iamenu,

93 704 631 775 sanctitadallomineirrtarpitralinern
642 703 749 759 dieram
759 703 918 774 (Psalscu,
975 701 1118 774 templum
1129 702 1271 775 Dei,quod
1286 708 1329 759 est
1344 703 1540 761 sanctimonia
1552 702 1801 770 fidelium,violare

94 798 132 865 5).
150 796 258 867 Deque
274 798 301 850 at
316 795 420 850 beatus
439 792 606 864 patriarcha
620 790 720 856 Jacob,
738 791 787 862 qui
813 806 919 862 cogno·
975 809 1033 848 non
1050 796 1235 860 metuunt,et
1249 792 1347 864 ipsum
1363 793 1453 849 altare
1469 793 1595 859 Domini,
1608 793 1689 865 quod
1706 797 1800 851 estsa·

95 884 225 941 minatus
240 886 284 939 est
299 880 398 948 lsrael,
414 880 445 935 in
471 879 594 953 mystica
618 878 705 934 laude
729 878 789 933 ait:
806 879 865 934 Noa
879 887 918 936 est
975 881 1119 936 eerdotale
1135 880 1340 948 ministerium,
1357 881 1397 937 illi
1415 882 1556 944 dicatum.
1572 887 1603 937 et
1625 883 1694 954 ejus
1715 881 1799 939 cultui

95 975 140 1029 bic
163 970 250 1039 atiud,
263 972 320 1026 crisi
344 970 437 1026 domita
456 970 505 1023 bez·
521 976 546 1023 et
558 976 637 1039 porte
659 969 721 1022 erati
744 967 819 1039 (Gen.
836 969 919 1036 xvlu,
974 974 1202 1041 sequestratum,
1213 970 1275 1026 suis
1286 969 1425 1036 calcibus,
1438 975 1581 1043 quantum
1597 971 1628 1026 in
1640 988 1673 1027 se
1689 975 1745 1043 est,
1759 972 1801 1028 de·

95 1061 153 1134 27).
170 1060 243 1127 Quia
258 1059 393 1115 videlieet
408 1062 435 1113 et
451 1073 528 1112 nunc
544 1056 632 1111 habet
653 1056 846 1113 habitatorem
862 1058 919 1112 llo-
974 1062 1086 1115 struere
1107 1062 1135 1114 ct
1158 1063 1284 1114 evertere
1300 1058 1461 1114 moliuntur
1477 1076 1483 1113 :
1501 1060 1572 1115 dum
1601 1060 1632 1115 in
1655 1061 1800 1118 nonnullis

96 1151 221 1217 minum,
238 1152 266 1204 et
281 1152 346 1219 post
358 1148 530 1217 presentem
545 1143 635 1200 vitam
650 1145 685 1200 de
701 1145 810 1201 mundo
831 1144 921 1201 mittit
975 1147 1055 1221 regni
1072 1147 1162 1219 hujus
1177 1148 1320 1220 partibus,
1329 1154 1447 1221 propter
1457 1166 1559 1205 eorum
1571 1149 1726 1222 publicam
1737 1150 1800 1208 inle-

98 1240 133 1296 ad
146 1237 262 1294 coslum.
974 1237 1197 1304 stationem,noc
1208 1235 1361 1293 viduarum
1377 1238 1545 1294 miseranda
1553 1238 1701 1296 desolatio
1712 1238 1799 1313 legiti-

134 1328 201 1384 Car.
220 1326 267 1381 lll.
285 1324 405 1395 Propter
420 1322 494 1377 bano
510 1322 733 1378 sanctimoniam
759 1327 788 1378 et
803 1322 919 1378 mundi·
975 1325 1166 1381 mambabere
1177 1324 1341 1381 libertatem
1353 1326 1601 1398 permittitur,nec
1613 1327 1800 1386 filiaeiuetats

97 1416 167 1472 tiam
182 1433 198 1470 a
212 1411 354 1486 contagiis
370 1409 532 1479 diabolicis,
550 1410 679 1467 Ecclesia
692 1428 709 1467 a
722 1411 837 1468 Christo
848 1412 920 1468 dile·
975 1412 1097 1487 puellari
1104 1418 1294 1486 etparentum
1305 1414 1442 1471 domibus
1453 1415 1800 1490 constitutaejuxtaleges

98 1510 154 1572 cta,
166 1503 267 1576 atejus
278 1500 415 1575 passione
424 1503 603 1574 comparata,
615 1504 643 1557 et
652 1500 766 1557 lavacro
780 1500 919 1574 baptismi
975 1502 1089 1559 divinas
1106 1507 1134 1559 et
1149 1502 1305 1572 humanas,
1322 1505 1492 1561 eorumdem
1508 1509 1670 1576 parentum
1686 1522 1800 1563 suorum

97 1596 222 1667 purgata
231 1594 314 1648 estat
325 1589 582 1663 expiata‚testante
591 1589 729 1663 Apostolo
739 1607 772 1646 ac
783 1590 898 1647 dicente
911 1606 918 1645 :
973 1592 1048 1648 votis
1063 1595 1151 1663 atque
1167 1591 1570 1659 auctoritate,matronalibus
1581 1593 1699 1667 nuptiis
1707 1594 1801 1652 hones

97 1683 219 1739 christia
231 1681 331 1736 ditescit
344 1680 504 1747 Ecclesiam,
514 1686 540 1735 et
553 1681 670 1752 seipsam
687 1679 801 1735 tradidit
813 1695 863 1752 pro
876 1696 918 1748 ea,
935 1723 959 1788 B
975 1683 1037 1736 tare
1053 1680 1199 1738 ullatenus
1215 1682 1353 1737 sinuntur
1364 1700 1370 1738 :
1383 1682 1555 1755 etipsarum
1571 1700 1694 1756 quoque
1705 1683 1801 1740 saneti·

94 1771 231 1827 maridans
245 1787 306 1826 eam
322 1769 430 1824 tarraco
443 1783 524 1842 aque
537 1770 567 1823 ia
580 1768 659 1824 verbo
675 1771 747 1836 nitar,
760 1776 790 1824 ut
807 1769 920 1825 exbibe-
975 1768 1147 1826 monialium
1163 1770 1221 1826 Deo
1237 1769 1333 1827 dicata
1348 1771 1472 1841 devotio,
1482 1776 1584 1830 contra
1592 1772 1799 1845 professionem

94 1869 135 1917 ret
153 1863 209 1933 ipse
222 1859 435 1931 sibiptoriosam
455 1858 611 1924 Ecclesiam,
627 1856 839 1914 conlabentem
860 1874 919 1912 ma-
975 1858 1150 1925 sanctitatis,
1167 1864 1195 1914 ot
1220 1860 1411 1915 reverentiam
1435 1858 1539 1916 divinae
1563 1860 1800 1928 consecrationis,

95 1950 188 2006 cutam
211 1955 260 2003 act
283 1963 392 2016 umam,
409 1953 458 2001 aut
479 1944 588 2017 aliquid
602 1945 734 2016 easowdi
748 1963 757 2001 :
770 1944 816 2000 sed
836 1952 866 1999 at
884 1946 921 2000 sit
975 1944 1145 2002 dissolvitur
1160 1951 1187 2002 et
1202 1947 1383 2018 profanatur.
1401 1947 1444 2003 lta
1459 1946 1507 2002 ills
1523 1945 1669 2020 antiquus
1685 1947 1801 2004 humani

95 2044 229 2095 sesemet
244 2035 420 2092 immaculata
434 2033 540 2106 (lipbes.
552 2051 581 2102 v,
595 2035 651 2102 25).
672 2032 843 2105 Quicunque
866 2033 919 2107 igi·
975 2035 1089 2109 generis
1099 2036 1193 2092 bostis
1202 2037 1350 2109 quondam
1363 2053 1413 2110 per
1423 2036 1577 2094 Bnlthasar
1588 2037 1718 2110 impium
1728 2042 1801 2094 etse

96 2130 145 2184 tur
159 2125 250 2198 bulas
266 2124 356 2180 maris
371 2121 460 2193 illius,
476 2121 566 2194 hujus
590 2120 719 2194 corporis
742 2121 919 2188 membrum,
975 2123 1295 2197 orilegumregemvasa
1306 2124 1800 2200 domuslleiaureaatqueargeates

95 2216 185 2289 hujus
199 2212 301 2286 templi
316 2212 410 2286 portio
425 2210 565 2269 veraciter
579 2228 642 2267 esse
658 2211 921 2276 desiderat,audiat
975 2212 1079 2285 polluit
1090 2214 1168 2285 (llari.
1186 2217 1213 2281 v)
1226 2230 1233 2268 :
1246 2230 1324 2269 nunc
1341 2230 1391 2286 per
1406 2213 1531 2270 istorum
1547 2215 1706 2286 protanam
1726 2214 1800 2272 inso-

94 2310 124 2362 et
137 2303 277 2360 obaudiat
293 2300 418 2357 ildeliter
433 2300 528 2357 eidem
541 2298 680 2373 Apostolo
692 2298 862 2355 admonenti
877 2303 919 2354 at·
975 2301 1095 2357 lantiam
1112 2305 1199 2373 atque
1214 2300 1394 2373 impietatem
1418 2302 1510 2357 multo
1526 2301 1706 2375 pretiosiora
1720 2303 1802 2359 elbai

95 2409 152 2467 que
167 2390 275 2448 dicenti
293 2406 300 2446 ι
320 2391 368 2446 Vos
382 2391 456 2446 enim
475 2391 539 2445 estis
564 2389 695 2460 temptam
710 2390 761 2444 Dei
774 2389 839 2454 trieri,
850 2389 920 2444 sieut
975 2389 1107 2446 chariora
1117 2388 1331 2446 commaculare
1341 2389 1508 2447 etludibrio
1521 2395 1610 2462 atque
1621 2389 1801 2447 insultationi
1848 2375 1852 2382 ’

94 2482 162 2538 dicit
175 2482 318 2548 Dominus,
331 2488 357 2536 et
373 2478 532 2534 iratabitabo
544 2485 570 2533 et
584 2476 767 2533 inambulabo
779 2478 809 2532 ia
821 2477 921 2544 illicet
975 2479 1141 2534 daemonnm
1157 2477 1301 2549 subjicere
1312 2494 1369 2533 uon
1381 2484 1485 2534 cessat.
1499 2479 1532 2533 lli
1548 2484 1622 2535 sunt
1637 2478 1749 2552 publici
1760 2496 1801 2535 ra·

96 2587 142 2628 ero
156 2571 195 2627 eir
210 2570 291 2635 Deris,
308 2575 333 2624 et
350 2569 405 2640 ipsi
428 2574 509 2623 erant
531 2566 602 2621 mitri
623 2567 740 2638 popalus
754 2566 791 2634 (ll
805 2565 865 2621 Cor.
881 2582 919 2631 vi,
975 2573 1072 2640 ptores
1083 2571 1112 2623 et
1121 2567 1283 2638 predones,
1294 2583 1362 2622 cum
1372 2564 1550 2623 satellitibus
1560 2570 1591 2623 et
1600 2566 1693 2624 sociis
1703 2566 1800 2640 impie·

96 2659 151 2732 16).
163 2660 199 2715 st
212 2661 279 2731 post
294 2654 446 2731 paululum
464 2670 472 2710 ι
488 2655 541 2709 llas
557 2655 642 2727 igitar
655 2654 782 2710 babentes
800 2655 920 2727 proprie-
975 2656 1044 2714 tatis
1059 2673 1129 2722 sue,
1142 2672 1199 2711 non
1217 2654 1343 2728 alicujus
1356 2654 1485 2712 bominis
1509 2654 1669 2713 exteriores
1693 2674 1740 2713 res
1760 2655 1800 2712 vel

93 2751 194 2814 aiones,
210 2746 380 2813 charissimi,
400 2743 563 2800 mundemus
577 2759 626 2799 not
641 2745 675 2798 ab
690 2744 767 2799 omni
787 2743 921 2814 inquirit·
975 2744 1171 2804 substantiam
1192 2745 1388 2815 devastantes,
1405 2745 1454 2800 sed
1471 2743 1565 2817 ipsius
1592 2745 1802 2818 omnipotentis

95 2845 184 2895 merto
199 2837 291 2892 camb
305 2843 331 2891 et
348 2835 474 2906 spiritua,
487 2833 657 2906 perficientes
678 2831 921 2903 sanctificaturum
976 2835 1025 2892 Dei
1041 2832 1182 2890 familiam
1198 2833 1419 2906 depopulantes.
1430 2832 1502 2889 Cum
1514 2833 1625 2906 quibus
1639 2833 1742 2906 utiquc
1752 2851 1801 2890 nec

97 2928 126 2983 in
141 2925 296 2982 timoreltei
309 2923 346 2996 (ll
359 2922 420 2979 dor.
436 2938 497 2992 vm,
516 2923 552 2991 l).
565 2919 724 2976 [letalibus
738 2919 816 2975 enim
832 2935 921 2976 mem·
975 2923 1073 2979 cibum
1089 2939 1204 2978 sumere
1219 2921 1427 2994 oportet,sieut
1441 2922 1476 2978 de
1492 2922 1633 2978 omnibus
1647 2920 1801 2995 rapacibus

96 3014 158 3071 bris
173 3018 203 3071 et
218 3011 365 3087 lapidibus
380 3010 453 3066 vivis
468 3007 658 3066 constituitur
671 3006 722 3064 illa
732 3007 833 3063 civitas
844 3006 922 3080 regis
975 3011 1135 3086 apostoliea
1148 3010 1305 3068 auotoritas
1332 3010 1496 3084 prescribit
1510 3011 1535 3080 (l
1548 3010 1610 3067 Cor.
1627 3014 1667 3080 v).
1684 3011 1716 3067 ln
1740 3010 1801 3084 qui·

96 3101 208 3176 magni,
220 3117 294 3157 nova
306 3101 434 3172 nuptast
444 3113 552 3169 ⁸p011⁵fl
562 3095 641 3169 agni,
652 3096 687 3151 dt
702 3112 760 3167 qua
771 3095 799 3149 in
810 3096 920 3167 Apooa·
936 3089 958 3156 C
977 3101 1032 3158 bus
1046 3101 1095 3156 isti
1110 3100 1238 3173 primum
1255 3099 1389 3156 obtinent
1402 3099 1509 3167 locum,
1523 3104 1658 3173 raptores
1674 3098 1803 3156 videlicet

97 3190 173 3266 lypsi
189 3188 299 3263 legitur
315 3204 321 3242 :
339 3187 416 3243 Beati
431 3187 480 3258 qai
489 3184 756 3250 retractaremus,
767 3192 798 3239 ut
807 3184 843 3241 tit
851 3191 922 3256 pott-
976 3188 1130 3246 viduarum
1153 3192 1181 3245 et
1202 3187 1377 3262 puellarum,
1389 3192 1418 3244 et
1433 3186 1717 3256 sanctimonialium,
1737 3205 1801 3245 eon·

96 3288 151 3336 stas
164 3278 300 3334 ommia
310 3275 386 3344 lippo
396 3276 504 3340 vitm!
512 3274 598 3345 potiit
613 3275 715 3328 intret!
726 3274 921 3328 incentorem:
976 3280 1135 3349 temptores
1158 3277 1354 3344 sacerdotum,
1372 3276 1527 3334 violatores
1543 3275 1648 3349 templi
1672 3276 1732 3346 Dei,
1747 3295 1801 3333 non

97 3369 167 3440 soris
181 3380 271 3434 canes,
287 3371 313 3419 et
327 3361 470 3433 impediri,
484 3369 509 3417 et
523 3362 644 3432 verrcfia',
656 3370 682 3417 et
693 3363 783 3417 omnis
793 3363 841 3433 qai
849 3369 924 3417 ornat
976 3365 1113 3422 timentes
1127 3363 1200 3420 illud
1214 3363 1407 3436 apostolicum
1424 3381 1431 3419 ι
1447 3364 1479 3421 Si
1493 3367 1555 3438 qais
1571 3370 1667 3422 satem
1677 3366 1803 3439 tenrptara

1 3524 2 3529 η
97 3449 922 3526 etfacitmeadaciamplpoe.xxu,lt,15).llujusgloriose
977 3454 1032 3510 Dei
1045 3453 1196 3519 straverit,
1220 3450 1355 3523 disperdet
1377 3450 1462 3508 iilam
1485 3453 1556 3508 aaa
1572 3452 1596 3522 (l
1609 3455 1675 3510 Gor.
1692 3471 1735 3522 ru,
1751 3454 1799 3523 17).

99 3545 205 3600 domus
220 3540 271 3598 Dei
287 3541 432 3612 decorem,
449 3543 478 3596 et
498 3538 595 3596 locum
620 3538 810 3595 habitationis
825 3538 923 3612 gloria
977 3541 1013 3597 at
1028 3544 1113 3609 recte,
1126 3538 1151 3596 si
1166 3538 1283 3612 aliquod
1297 3538 1439 3614 templum
1453 3540 1502 3596 Dei
1518 3557 1553 3598 ex
1575 3540 1668 3615 lignis
1683 3547 1712 3597 et
1733 3541 1801 3615 lapi·

98 3627 351 3704 ejus,ildclissime
365 3627 485 3701 diligere
495 3630 523 3684 et
537 3627 624 3684 zelari
638 3628 745 3684 debent
759 3644 816 3683 non
828 3627 923 3684 solum
979 3629 1065 3685 dibus
1081 3645 1170 3684 manu
1185 3629 1295 3685 sactum
1310 3628 1509 3698 incenderent,
1526 3630 1587 3686 sive
1609 3630 1800 3698 destruerent,

99 3719 228 3794 episcopi
243 3721 272 3775 et
282 3717 448 3774 sacerdotes
462 3716 492 3771 in
504 3714 690 3786 sedibus,sed
701 3714 789 3771 etiam
801 3733 883 3789 reges
894 3716 924 3771 in
979 3719 1015 3773 ab
1040 3716 1176 3771 omnibus
1202 3716 1336 3790 sacrilegi
1362 3720 1392 3773 et
1415 3716 1555 3790 puniendi
1577 3717 1800 3790 judicarentur:

99 3809 198 3881 regnis
212 3811 241 3863 et
255 3804 373 3878 palatiis
388 3804 497 3871 suis,et
512 3820 614 3876 regum
630 3802 788 3860 comitesin
801 3803 924 3860 eivitati-
978 3811 1088 3879 quanto
1105 3805 1199 3878 magis
1215 3805 1265 3877 qui
1282 3805 1332 3863 Dei
1348 3805 1403 3862 vivi
1418 3805 1563 3878 templum
1591 3808 1762 3864 subvertere
1778 3812 1802 3863 et

100 3898 156 3953 bus
173 3895 280 3963 suis,et
290 3892 432 3949 comitum
441 3891 540 3948 vicarii
553 3892 582 3946 in
594 3890 728 3963 plebibus
738 3893 811 3961 suis,
823 3892 925 3965 etqui·
979 3894 1122 3965 dissipare
1139 3911 1197 3950 non
1209 3897 1355 3962 metuunt,
1366 3896 1438 3951 dum
1458 3912 1491 3951 ex
1514 3899 1601 3968 raptu
1628 3896 1802 3952 arbitrantur

101 4000 217 4056 cunque
225 3979 452 4054 patresfamilias
466 3979 496 4036 in
507 3980 644 4036 domibus
654 3979 726 4049 suis,
739 3980 769 4036 in
781 3997 873 4037 unum
885 3982 926 4037 di·
970 3985 1041 4044 ,fieri
1056 4001 1141 4058 posse
1157 3984 1338 4057 conjugium,
1356 3988 1385 4041 et
1399 4001 1433 4040 ex
1446 3984 1546 4056 iniquo
1558 3983 1752 4040 contubernio
1767 3983 1801 4039 le·

100 4090 151 4129 ves
161 4087 195 4128 aa
205 4087 326 4145 pauper,
334 4071 363 4125 in
378 4073 474 4126 mente
485 4074 514 4125 et
529 4069 644 4126 actibus
659 4069 924 4126 suistlunczelum
980 4075 1116 4148 gitimum
1132 4073 1365 4146 matrimonium,
1381 4073 1459 4146 quod
1486 4072 1568 4130 nulla
1593 4089 1728 4145 unquam
1752 4071 1800 4140 lex,

102 4161 247 4237 precipue
261 4158 418 4232 Apostolus
432 4158 570 4224 exercuit,
583 4162 612 4213 et
625 4157 710 4215 nobis
725 4175 778 4214 suo
795 4159 926 4232 exemplo
982 4160 1062 4218 nulla
1076 4161 1269 4218 humanitatis
1280 4162 1458 4218 consuetudo
1475 4159 1631 4234 permisit?
1646 4160 1722 4217 Nam
1736 4165 1764 4218 et
1777 4161 1802 4215 in

102 4250 297 4308 exercendum
313 4245 872 4305 commendatitdicens:AEmatorcrrira
883 4265 926 4305 aaa
981 4251 1097 4307 exordio
1114 4249 1216 4305 mundi
1232 4251 1267 4305 ad
1283 4249 1521 4322 propagationem
1544 4249 1663 4322 generis
1688 4246 1803 4306 humani

100 4339 336 4398 Deiaemctatione
346 4355 356 4392 :
368 4336 497 4408 despondi
509 4337 584 4391 enim
598 4350 643 4390 vos
658 4338 708 4390 ani
722 4337 781 4391 viro
793 4328 928 4406 cirpiaera
983 4338 1148 4395 masculum
1159 4341 1187 4394 et
1198 4336 1336 4393 laminam
1348 4337 1424 4394 Deus
1435 4337 1511 4405 lecit,
1523 4355 1633 4410 eosque
1653 4355 1708 4395 sua
1722 4339 1803 4394 bene·

102 4436 204 4484 castrm
216 4427 344 4483 astitere
357 4424 462 4481 Cbrt'ato
477 4423 514 4493 (ll
528 4425 588 4480 Cor.
605 4426 688 4492 x1,2).
701 4423 741 4479 De
757 4422 811 4480 hoc
826 4429 855 4481 et
866 4425 927 4498 ipse
941 4455 965 4520 D
983 4428 1109 4484 dictione
1120 4425 1271 4498 conjunxit
1282 4426 1382 4482 dicens
1396 4443 1401 4481 :
1414 4428 1530 4484 Crescite
1541 4435 1567 4482 et
1578 4427 1805 4501 raaltiptieamiai

104 4516 247 4571 Dominus
263 4512 394 4586 loquitur
407 4513 438 4568 in
454 4510 569 4568 Psalmo
585 4529 592 4567 :
606 4511 685 4567 Zetus
700 4511 794 4568 demea
817 4521 869 4569 tae
882 4531 926 4571 eo·
982 4518 1057 4590 (Gra.
1074 4532 1094 4584 1,
1109 4517 1166 4585 28).

103 4603 188 4658 rrredit
202 4619 245 4658 me
258 4603 345 4673 (Paul.
362 4618 456 4669 nxvrrr,
474 4600 528 4674 10).
541 4602 632 4667 Quem
647 4599 742 4656 zelum
759 4606 820 4657 tam
845 4603 928 4659 terri-
1018 4609 1084 4661 Gar.
1101 4603 1134 4659 V.
1151 4604 1242 4677 Cujus
1258 4603 1298 4659 rei
1314 4603 1477 4661 imitatione
1492 4603 1581 4661 etiam
1593 4610 1700 4662 sancta
1712 4603 1804 4661 Eccle-

104 4690 202 4747 biliter
216 4690 352 4758 exercuit,
370 4693 475 4747 utnon
488 4689 586 4757 verbo,
603 4688 761 4761 quostiam
783 4691 929 4749 demones
984 4695 1028 4752 sia
1042 4693 1204 4767 antiquitus
1222 4691 1391 4750 solemniter
1406 4696 1434 4750 et
1457 4693 1664 4751 venerabiliter
1680 4693 1804 4751 custodi-

104 4779 235 4852 sugabat,
252 4778 303 4834 sed
319 4794 408 4834 manu
423 4781 452 4834 et
471 4776 586 4850 llagello
601 4777 799 4850 profanatores
824 4781 930 4839 domus
983 4783 1033 4851 vit,
1048 4800 1098 4840 eos
1113 4781 1163 4854 qui
1178 4781 1208 4838 in
1224 4780 1274 4838 illa
1295 4780 1374 4838 velut
1398 4781 1428 4837 in
1453 4782 1589 4854 paradiso
1604 4782 1658 4839 Dei
1674 4782 1805 4856 conjugio

105 4868 156 4924 Dei
172 4866 261 4924 simul
277 4883 345 4923 cum
361 4866 423 4922 suis
437 4865 636 4922 oblationibus
651 4870 680 4922 et
691 4868 853 4936 sacrificiis,
865 4888 929 4943 quae
984 4869 1141 4947 copulandi
1155 4874 1264 4936 essent,
1277 4869 1375 4926 divina
1390 4870 1591 4927 benedictione
1605 4875 1636 4927 et
1652 4870 1804 4928 missarum

106 4973 269 5032 praeparare
283 4956 467 5023 videbantur,
484 4953 639 5010 extruserit
653 4956 741 5025 (toan.
758 4958 800 5029 ιι).
972 4957 1180 5021 ¹celebratione
1195 4959 1366 5032 conjugans.
1384 4961 1451 5025 Oua
1475 4957 1611 5016 videlieet
1635 4960 1762 5017 honesta
1783 4963 1806 5015 et

141 5049 212 5103 aar.
229 5046 275 5103 IV.
302 5045 497 5103 Obsecramus
520 5043 623 5117 igitur,
639 5047 672 5099 ut
687 5049 716 5100 et
730 5046 823 5118 pietas
836 5051 934 5104 vestra
988 5047 1124 5121 religiosa
1133 5047 1311 5119 conjunctio,
1322 5048 1379 5104 Deo
1391 5053 1507 5104 auctore
1519 5053 1624 5121 eoepta,
1636 5051 1666 5105 et
1683 5051 1749 5123 ejus
1763 5050 1805 5105 be·

106 5155 140 5196 ex
154 5136 209 5193 hae
226 5139 328 5192 sancta
337 5139 430 5191 matre
440 5132 690 5207 generata,ipsius
701 5133 858 5191 Salvatoris
869 5135 933 5192 imi·
989 5134 1153 5193 nedietione
1166 5135 1291 5202 firmata,
1303 5137 1391 5193 etiam
1408 5137 1483 5193 inter
1497 5141 1685 5210 gentes,qua
1702 5136 1806 5194 nullam

108 5227 196 5283 latrix
211 5227 322 5292 allecta,
334 5225 420 5296 cujus
435 5222 635 5278 misericordia
649 5226 678 5277 et
691 5226 794 5278 tutaet
808 5223 934 5282 exaltata
988 5225 1082 5298 legam
1098 5211 1282 5296 aeceperunt,
1295 5225 1407 5282 nullam
1423 5226 1472 5282 Dei
1486 5227 1805 5291 babueruntnotitiam,

109 5315 254 5383 consistit,
266 5313 387 5387 arripiat
402 5311 497 5369 zelum
508 5328 559 5383 pro
570 5311 656 5366 darno
668 5311 729 5379 Dei,
741 5316 770 5367 et
780 5312 934 5371 aemuletur
987 5313 1118 5387 legitimo
1133 5313 1234 5369 ordine
1249 5318 1278 5370 et
1292 5315 1418 5371 naturali
1430 5314 1493 5388 lege
1502 5319 1617 5372 servata
1632 5319 1687 5372 est.
1695 5316 1754 5372 Nec
1764 5330 1802 5370 un·

109 5419 172 5459 eam
193 5403 241 5458 ltei
257 5402 452 5473 emulatione,
466 5402 602 5457 coercens
616 5402 645 5453 et
659 5399 833 5470 exstirpans,
847 5403 934 5460 atila·
989 5420 1077 5476 quarn
1094 5419 1154 5458 rem
1180 5403 1271 5474 pacis,
1288 5403 1437 5460 charitatis
1461 5408 1549 5476 atque
1574 5405 1748 5473 concordis,
1764 5419 1807 5476 per

110 5488 272 5562 gellojuste
280 5489 441 5547 severitatis
451 5487 648 5545 exterminans
668 5489 864 5557 quorumdam
879 5491 933 5546 ho·
988 5489 1174 5558 discordiam,
1187 5495 1214 5545 ot
1229 5490 1406 5561 violentiam,
1424 5496 1451 5548 et
1466 5481 1649 5565 impietatem
1673 5493 1735 5549 fleri
1751 5491 1806 5548 liei·
