<?xml version="1.0" encoding="UTF-8"?>
<!DOCTYPE html PUBLIC "-//W3C//DTD XHTML 1.0 Transitional//EN"
    "http://www.w3.org/TR/xhtml1/DTD/xhtml1-transitional.dtd">
<html xmlns="http://www.w3.org/1999/xhtml" xml:lang="en" lang="en">
 <head>
  <title>
</title>
<meta http-equiv="Content-Type" content="text/html;charset=utf-8" />
  <meta name='ocr-system' content='tesseract 3.04.00' />
  <meta name='ocr-capabilities' content='ocr_page ocr_carea ocr_par ocr_line ocrx_word'/>
</head>
<body>
  <div class='ocr_page' id='page_1' title='image "./patrologiaecurs46unkngoog_0356.png"; bbox 0 0 3824 6096; ppageno 0'>
   <div class='ocr_carea' id='block_1_1' title="bbox 63 309 1807 397">
    <p class='ocr_par' dir='ltr' id='par_1_1' title="bbox 63 309 1807 397">
     <span class='ocr_line' id='line_1_1' title="bbox 63 309 1807 397; baseline 0.002 -7"><span class='ocrx_word' id='word_1_1' title='bbox 63 322 150 390; x_wconf 74' lang='lat' dir='ltr'>‘tos</span> <span class='ocrx_word' id='word_1_2' title='bbox 538 376 546 395; x_wconf 80' lang='grc'><em>,</em></span> <span class='ocrx_word' id='word_1_3' title='bbox 572 325 833 388; x_wconf 76' lang='lat' dir='ltr'>anniversale</span> <span class='ocrx_word' id='word_1_4' title='bbox 854 309 1040 393; x_wconf 76' lang='lat' dir='ltr'>cornaria</span> <span class='ocrx_word' id='word_1_5' title='bbox 1061 322 1112 386; x_wconf 84' lang='lat' dir='ltr'>ar</span> <span class='ocrx_word' id='word_1_6' title='bbox 1133 322 1338 386; x_wconf 75' lang='lat' dir='ltr'>raasson.</span> <span class='ocrx_word' id='word_1_7' title='bbox 1746 333 1807 397; x_wconf 82' lang='lat' dir='ltr'>ros</span> 
     </span>
    </p>
   </div>
   <div class='ocr_carea' id='block_1_2' title="bbox 10 456 1846 5674">
    <p class='ocr_par' dir='ltr' id='par_1_2' title="bbox 10 456 1846 5674">
     <span class='ocr_line' id='line_1_2' title="bbox 60 456 1808 535; baseline 0.006 -23"><span class='ocrx_word' id='word_1_8' title='bbox 60 457 186 535; x_wconf 75' lang='lat' dir='ltr'>quasi</span> <span class='ocrx_word' id='word_1_9' title='bbox 203 456 283 514; x_wconf 88' lang='lat' dir='ltr'>Deus</span> <span class='ocrx_word' id='word_1_10' title='bbox 297 457 333 514; x_wconf 90' lang='lat' dir='ltr'>ad</span> <span class='ocrx_word' id='word_1_11' title='bbox 349 459 510 515; x_wconf 88' lang='lat' dir='ltr'>remedium</span> <span class='ocrx_word' id='word_1_12' title='bbox 520 458 673 517; x_wconf 82' lang='lat' dir='ltr'>oblivionis</span> <span class='ocrx_word' id='word_1_13' title='bbox 684 460 776 515; x_wconf 89' lang='lat' dir='ltr'>henes</span> <span class='ocrx_word' id='word_1_14' title='bbox 791 459 821 514; x_wconf 89' lang='lat' dir='ltr'>in</span> <span class='ocrx_word' id='word_1_15' title='bbox 837 457 966 535; x_wconf 71' lang='lat' dir='ltr'>eoelis,A</span> <span class='ocrx_word' id='word_1_16' title='bbox 986 457 1170 525; x_wconf 82' lang='lat' dir='ltr'>auferunt,et</span> <span class='ocrx_word' id='word_1_17' title='bbox 1185 456 1256 514; x_wconf 90' lang='lat' dir='ltr'>locis</span> <span class='ocrx_word' id='word_1_18' title='bbox 1268 457 1379 514; x_wconf 88' lang='lat' dir='ltr'>sanctis</span> <span class='ocrx_word' id='word_1_19' title='bbox 1394 477 1452 515; x_wconf 92' lang='lat' dir='ltr'>non</span> <span class='ocrx_word' id='word_1_20' title='bbox 1466 460 1611 530; x_wconf 85' lang='lat' dir='ltr'>tribuunt,</span> <span class='ocrx_word' id='word_1_21' title='bbox 1621 468 1649 519; x_wconf 91' lang='lat' dir='ltr'>et</span> <span class='ocrx_word' id='word_1_22' title='bbox 1662 464 1739 521; x_wconf 91' lang='lat' dir='ltr'>unde</span> <span class='ocrx_word' id='word_1_23' title='bbox 1751 464 1808 522; x_wconf 90' lang='lat' dir='ltr'>sibi</span> 
     </span>
     <span class='ocr_line' id='line_1_3' title="bbox 55 543 1806 624; baseline 0.006 -24"><span class='ocrx_word' id='word_1_24' title='bbox 55 543 197 613; x_wconf 67' lang='lat' dir='ltr'>malos</span> <span class='ocrx_word' id='word_1_25' title='bbox 212 545 324 603; x_wconf 89' lang='lat' dir='ltr'>scribat</span> <span class='ocrx_word' id='word_1_26' title='bbox 337 546 367 602; x_wconf 89' lang='lat' dir='ltr'>in</span> <span class='ocrx_word' id='word_1_27' title='bbox 384 547 469 602; x_wconf 89' lang='lat' dir='ltr'>terris</span> <span class='ocrx_word' id='word_1_28' title='bbox 486 564 492 603; x_wconf 94' lang='lat'>:</span> <span class='ocrx_word' id='word_1_29' title='bbox 510 548 561 604; x_wconf 90' lang='lat' dir='ltr'>sed</span> <span class='ocrx_word' id='word_1_30' title='bbox 581 547 737 603; x_wconf 70' lang='lat' dir='ltr'>salubriter</span> <span class='ocrx_word' id='word_1_31' title='bbox 761 546 929 620; x_wconf 87' lang='lat' dir='ltr'>intelligcn-</span> <span class='ocrx_word' id='word_1_32' title='bbox 984 547 1144 602; x_wconf 80' lang='lat' dir='ltr'><strong>debuerant</strong></span> <span class='ocrx_word' id='word_1_33' title='bbox 1168 546 1280 620; x_wconf 91' lang='lat' dir='ltr'>operari</span> <span class='ocrx_word' id='word_1_34' title='bbox 1309 547 1481 617; x_wconf 89' lang='lat' dir='ltr'>remedium,</span> <span class='ocrx_word' id='word_1_35' title='bbox 1498 555 1665 624; x_wconf 89' lang='lat' dir='ltr'>perpetrant</span> <span class='ocrx_word' id='word_1_36' title='bbox 1686 555 1806 612; x_wconf 91' lang='lat' dir='ltr'>sacrile-</span> 
     </span>
     <span class='ocr_line' id='line_1_4' title="bbox 58 634 1807 710; baseline 0.006 -21"><span class='ocrx_word' id='word_1_37' title='bbox 58 634 185 701; x_wconf 83' lang='lat' dir='ltr'>dum,</span> <span class='ocrx_word' id='word_1_38' title='bbox 202 636 282 707; x_wconf 86' lang='lat' dir='ltr'>quod</span> <span class='ocrx_word' id='word_1_39' title='bbox 298 635 358 691; x_wconf 87' lang='lat' dir='ltr'>sive</span> <span class='ocrx_word' id='word_1_40' title='bbox 372 635 512 705; x_wconf 87' lang='lat' dir='ltr'>coelestia,</span> <span class='ocrx_word' id='word_1_41' title='bbox 529 654 580 693; x_wconf 89' lang='lat' dir='ltr'>seu</span> <span class='ocrx_word' id='word_1_42' title='bbox 597 637 745 692; x_wconf 67' lang='lat' dir='ltr'>terrestria</span> <span class='ocrx_word' id='word_1_43' title='bbox 760 636 827 708; x_wconf 86' lang='lat' dir='ltr'>quis</span> <span class='ocrx_word' id='word_1_44' title='bbox 842 653 930 708; x_wconf 90' lang='lat' dir='ltr'>opera</span> <span class='ocrx_word' id='word_1_45' title='bbox 983 635 1065 709; x_wconf 90' lang='lat' dir='ltr'>giam</span> <span class='ocrx_word' id='word_1_46' title='bbox 1078 653 1085 691; x_wconf 76' lang='grc' dir='ltr'><em>τ</em></span> <span class='ocrx_word' id='word_1_47' title='bbox 1098 635 1159 691; x_wconf 88' lang='lat' dir='ltr'>etsi</span> <span class='ocrx_word' id='word_1_48' title='bbox 1172 635 1359 710; x_wconf 86' lang='lat' dir='ltr'>sacrilegium</span> <span class='ocrx_word' id='word_1_49' title='bbox 1371 640 1579 710; x_wconf 88' lang='lat' dir='ltr'>perpetrantdc</span> <span class='ocrx_word' id='word_1_50' title='bbox 1592 641 1654 697; x_wconf 91' lang='lat' dir='ltr'>suis</span> <span class='ocrx_word' id='word_1_51' title='bbox 1665 661 1722 698; x_wconf 92' lang='lat' dir='ltr'>non</span> <span class='ocrx_word' id='word_1_52' title='bbox 1733 645 1807 700; x_wconf 90' lang='lat' dir='ltr'>bene</span> 
     </span>
     <span class='ocr_line' id='line_1_5' title="bbox 50 723 1807 808; baseline 0.005 -28"><span class='ocrx_word' id='word_1_53' title='bbox 50 723 238 808; x_wconf 71' lang='lat' dir='ltr'>gesserit,</span> <span class='ocrx_word' id='word_1_54' title='bbox 250 741 301 797; x_wconf 84' lang='lat' dir='ltr'>per</span> <span class='ocrx_word' id='word_1_55' title='bbox 316 724 377 780; x_wconf 84' lang='lat' dir='ltr'>hac</span> <span class='ocrx_word' id='word_1_56' title='bbox 392 726 476 797; x_wconf 86' lang='lat' dir='ltr'>quasi</span> <span class='ocrx_word' id='word_1_57' title='bbox 492 724 598 782; x_wconf 89' lang='lat' dir='ltr'>litteris</span> <span class='ocrx_word' id='word_1_58' title='bbox 613 727 770 781; x_wconf 90' lang='lat' dir='ltr'>adnotatus</span> <span class='ocrx_word' id='word_1_59' title='bbox 784 726 862 797; x_wconf 90' lang='lat' dir='ltr'>apud</span> <span class='ocrx_word' id='word_1_60' title='bbox 878 725 928 780; x_wconf 87' lang='lat' dir='ltr'>Dei</span> <span class='ocrx_word' id='word_1_61' title='bbox 983 725 1071 793; x_wconf 87' lang='lat' dir='ltr'>datis,</span> <span class='ocrx_word' id='word_1_62' title='bbox 1087 726 1332 782; x_wconf 87' lang='lat' dir='ltr'>considerandum</span> <span class='ocrx_word' id='word_1_63' title='bbox 1350 730 1394 783; x_wconf 87' lang='lat' dir='ltr'>est</span> <span class='ocrx_word' id='word_1_64' title='bbox 1409 733 1553 799; x_wconf 90' lang='lat' dir='ltr'>quantum</span> <span class='ocrx_word' id='word_1_65' title='bbox 1569 729 1625 785; x_wconf 90' lang='lat' dir='ltr'>sibi</span> <span class='ocrx_word' id='word_1_66' title='bbox 1645 733 1807 804; x_wconf 90' lang='lat' dir='ltr'>periculum</span> 
     </span>
     <span class='ocr_line' id='line_1_6' title="bbox 49 813 1807 886; baseline 0.005 -19"><span class='ocrx_word' id='word_1_67' title='bbox 49 813 278 882; x_wconf 68' lang='lat' dir='ltr'>memoriam</span> <span class='ocrx_word' id='word_1_68' title='bbox 294 813 334 869; x_wconf 90' lang='lat' dir='ltr'>sii</span> <span class='ocrx_word' id='word_1_69' title='bbox 345 814 519 870; x_wconf 84' lang='lat' dir='ltr'>aeternaliter</span> <span class='ocrx_word' id='word_1_70' title='bbox 535 815 640 870; x_wconf 76' lang='lat' dir='ltr'>affixus</span> <span class='ocrx_word' id='word_1_71' title='bbox 657 832 664 870; x_wconf 92' lang='lat'><strong>:</strong></span> <span class='ocrx_word' id='word_1_72' title='bbox 682 815 712 869; x_wconf 89' lang='lat' dir='ltr'>in</span> <span class='ocrx_word' id='word_1_73' title='bbox 727 814 781 869; x_wconf 91' lang='lat' dir='ltr'>hec</span> <span class='ocrx_word' id='word_1_74' title='bbox 799 815 866 884; x_wconf 88' lang='lat' dir='ltr'>jure</span> <span class='ocrx_word' id='word_1_75' title='bbox 880 814 929 868; x_wconf 90' lang='lat' dir='ltr'>de-</span> <span class='ocrx_word' id='word_1_76' title='bbox 984 814 1097 869; x_wconf 85' lang='lat' dir='ltr'>iaciunt</span> <span class='ocrx_word' id='word_1_77' title='bbox 1108 815 1143 869; x_wconf 89' lang='lat' dir='ltr'>dc</span> <span class='ocrx_word' id='word_1_78' title='bbox 1157 815 1244 870; x_wconf 92' lang='lat' dir='ltr'>robus</span> <span class='ocrx_word' id='word_1_79' title='bbox 1255 816 1292 869; x_wconf 90' lang='lat' dir='ltr'>ab</span> <span class='ocrx_word' id='word_1_80' title='bbox 1304 814 1370 870; x_wconf 87' lang='lat' dir='ltr'>aliis</span> <span class='ocrx_word' id='word_1_81' title='bbox 1381 816 1438 872; x_wconf 91' lang='lat' dir='ltr'>Dee</span> <span class='ocrx_word' id='word_1_82' title='bbox 1454 817 1581 886; x_wconf 90' lang='lat' dir='ltr'>donatis,</span> <span class='ocrx_word' id='word_1_83' title='bbox 1591 821 1618 873; x_wconf 88' lang='lat' dir='ltr'>ct</span> <span class='ocrx_word' id='word_1_84' title='bbox 1633 837 1650 874; x_wconf 89' lang='lat' dir='ltr'>a</span> <span class='ocrx_word' id='word_1_85' title='bbox 1665 836 1696 875; x_wconf 90' lang='lat' dir='ltr'>se</span> <span class='ocrx_word' id='word_1_86' title='bbox 1706 824 1807 876; x_wconf 92' lang='lat' dir='ltr'>contra</span> 
     </span>
     <span class='ocr_line' id='line_1_7' title="bbox 48 901 1808 981; baseline 0.004 -24"><span class='ocrx_word' id='word_1_87' title='bbox 48 907 284 973; x_wconf 64' lang='lat' dir='ltr'>monstrans,</span> <span class='ocrx_word' id='word_1_88' title='bbox 301 906 334 958; x_wconf 86' lang='lat' dir='ltr'>ut</span> <span class='ocrx_word' id='word_1_89' title='bbox 348 903 425 974; x_wconf 90' lang='lat' dir='ltr'>qnod</span> <span class='ocrx_word' id='word_1_90' title='bbox 443 904 568 975; x_wconf 81' lang='lat' dir='ltr'>quisquc</span> <span class='ocrx_word' id='word_1_91' title='bbox 579 905 660 975; x_wconf 89' lang='lat' dir='ltr'>juste</span> <span class='ocrx_word' id='word_1_92' title='bbox 676 910 703 959; x_wconf 90' lang='lat' dir='ltr'>et</span> <span class='ocrx_word' id='word_1_93' title='bbox 719 901 931 959; x_wconf 77' lang='lat' dir='ltr'>rationabiliter</span> <span class='ocrx_word' id='word_1_94' title='bbox 985 903 1076 965; x_wconf 86' lang='lat' dir='ltr'>Deum</span> <span class='ocrx_word' id='word_1_95' title='bbox 1088 903 1181 976; x_wconf 87' lang='lat' dir='ltr'>stipsi</span> <span class='ocrx_word' id='word_1_96' title='bbox 1193 904 1251 959; x_wconf 89' lang='lat' dir='ltr'>Deo</span> <span class='ocrx_word' id='word_1_97' title='bbox 1263 905 1377 960; x_wconf 90' lang='lat' dir='ltr'>ablatis.</span> <span class='ocrx_word' id='word_1_98' title='bbox 1388 905 1469 962; x_wconf 86' lang='lat' dir='ltr'><strong>Unde</strong></span> <span class='ocrx_word' id='word_1_99' title='bbox 1480 910 1599 962; x_wconf 87' lang='lat' dir='ltr'>sanctus</span> <span class='ocrx_word' id='word_1_100' title='bbox 1610 908 1767 981; x_wconf 80' lang='lat' dir='ltr'>Gregorius</span> <span class='ocrx_word' id='word_1_101' title='bbox 1779 908 1808 965; x_wconf 89' lang='lat' dir='ltr'>in</span> 
     </span>
     <span class='ocr_line' id='line_1_8' title="bbox 46 991 1808 1070; baseline 0.007 -27"><span class='ocrx_word' id='word_1_102' title='bbox 46 1006 190 1063; x_wconf 60' lang='lat' dir='ltr'>aranu</span> <span class='ocrx_word' id='word_1_103' title='bbox 203 991 594 1060; x_wconf 77' lang='lat' dir='ltr'>firmaverit,inviolabilitcr</span> <span class='ocrx_word' id='word_1_104' title='bbox 604 1009 637 1048; x_wconf 91' lang='lat' dir='ltr'>ae</span> <span class='ocrx_word' id='word_1_105' title='bbox 656 992 850 1065; x_wconf 86' lang='lat' dir='ltr'>perseveranti</span> <span class='ocrx_word' id='word_1_106' title='bbox 865 1009 931 1047; x_wconf 92' lang='lat' dir='ltr'>con·</span> <span class='ocrx_word' id='word_1_107' title='bbox 985 991 1107 1065; x_wconf 88' lang='lat' dir='ltr'>epistola</span> <span class='ocrx_word' id='word_1_108' title='bbox 1117 993 1152 1047; x_wconf 94' lang='lat' dir='ltr'>ad</span> <span class='ocrx_word' id='word_1_109' title='bbox 1165 992 1305 1048; x_wconf 89' lang='lat' dir='ltr'>Sabinum</span> <span class='ocrx_word' id='word_1_110' title='bbox 1317 994 1530 1050; x_wconf 80' lang='lat' dir='ltr'>subdiaconum</span> <span class='ocrx_word' id='word_1_111' title='bbox 1540 996 1736 1070; x_wconf 73' lang='lat' dir='ltr'>scribensllilr.</span> <span class='ocrx_word' id='word_1_112' title='bbox 1747 1015 1808 1066; x_wconf 81' lang='lat' dir='ltr'>viu,</span> 
     </span>
     <span class='ocr_line' id='line_1_9' title="bbox 46 1079 1808 1160; baseline 0.005 -26"><span class='ocrx_word' id='word_1_113' title='bbox 46 1083 196 1153; x_wconf 56' lang='lat' dir='ltr'>„ervei</span> <span class='ocrx_word' id='word_1_114' title='bbox 205 1079 341 1153; x_wconf 88' lang='lat' dir='ltr'>justitia;</span> <span class='ocrx_word' id='word_1_115' title='bbox 359 1098 411 1137; x_wconf 90' lang='lat' dir='ltr'>nec</span> <span class='ocrx_word' id='word_1_116' title='bbox 435 1081 561 1137; x_wconf 88' lang='lat' dir='ltr'>inaniter</span> <span class='ocrx_word' id='word_1_117' title='bbox 580 1099 667 1137; x_wconf 91' lang='lat' dir='ltr'>suum</span> <span class='ocrx_word' id='word_1_118' title='bbox 692 1098 797 1136; x_wconf 91' lang='lat' dir='ltr'>nomen</span> <span class='ocrx_word' id='word_1_119' title='bbox 823 1079 873 1152; x_wconf 85' lang='lat' dir='ltr'>qui</span> <span class='ocrx_word' id='word_1_120' title='bbox 894 1081 929 1136; x_wconf 91' lang='lat' dir='ltr'>ad</span> <span class='ocrx_word' id='word_1_121' title='bbox 984 1082 1062 1153; x_wconf 83' lang='lat' dir='ltr'>epist.</span> <span class='ocrx_word' id='word_1_122' title='bbox 1078 1082 1105 1152; x_wconf 87' lang='grc'>7)</span> <span class='ocrx_word' id='word_1_123' title='bbox 1123 1098 1129 1134; x_wconf 87' lang='grc'>;</span> <span class='ocrx_word' id='word_1_124' title='bbox 1146 1080 1363 1154; x_wconf 82' lang='lat' dir='ltr'>«Sacrilegum,</span> <span class='ocrx_word' id='word_1_125' title='bbox 1377 1083 1482 1155; x_wconf 86' lang='lat' dir='ltr'>inquit,</span> <span class='ocrx_word' id='word_1_126' title='bbox 1501 1088 1529 1139; x_wconf 87' lang='lat' dir='ltr'>et</span> <span class='ocrx_word' id='word_1_127' title='bbox 1543 1089 1645 1140; x_wconf 88' lang='lat' dir='ltr'>contra</span> <span class='ocrx_word' id='word_1_128' title='bbox 1659 1085 1737 1160; x_wconf 87' lang='lat' dir='ltr'>leges</span> <span class='ocrx_word' id='word_1_129' title='bbox 1753 1091 1808 1153; x_wconf 91' lang='lat' dir='ltr'>est,</span> 
     </span>
     <span class='ocr_line' id='line_1_10' title="bbox 45 1168 1808 1248; baseline 0.004 -24"><span class='ocrx_word' id='word_1_130' title='bbox 45 1169 313 1244; x_wconf 65' lang='lat' dir='ltr'>baptizandum</span> <span class='ocrx_word' id='word_1_131' title='bbox 328 1170 418 1241; x_wconf 83' lang='lat' dir='ltr'>venit,</span> <span class='ocrx_word' id='word_1_132' title='bbox 434 1170 457 1226; x_wconf 85' lang='lat' dir='ltr'>si</span> <span class='ocrx_word' id='word_1_133' title='bbox 475 1174 588 1227; x_wconf 76' lang='lat' dir='ltr'>atatem</span> <span class='ocrx_word' id='word_1_134' title='bbox 606 1170 704 1238; x_wconf 86' lang='lat' dir='ltr'>habet,</span> <span class='ocrx_word' id='word_1_135' title='bbox 720 1174 770 1225; x_wconf 91' lang='lat' dir='ltr'>eut</span> <span class='ocrx_word' id='word_1_136' title='bbox 789 1175 931 1243; x_wconf 91' lang='lat' dir='ltr'>patronus</span> <span class='ocrx_word' id='word_1_137' title='bbox 985 1168 1009 1224; x_wconf 91' lang='lat' dir='ltr'>si</span> <span class='ocrx_word' id='word_1_138' title='bbox 1026 1169 1092 1240; x_wconf 85' lang='lat' dir='ltr'>quis</span> <span class='ocrx_word' id='word_1_139' title='bbox 1108 1171 1184 1242; x_wconf 88' lang='lat' dir='ltr'>quod</span> <span class='ocrx_word' id='word_1_140' title='bbox 1203 1170 1416 1227; x_wconf 89' lang='lat' dir='ltr'>venerabilibus</span> <span class='ocrx_word' id='word_1_141' title='bbox 1430 1170 1501 1227; x_wconf 89' lang='lat' dir='ltr'>locis</span> <span class='ocrx_word' id='word_1_142' title='bbox 1516 1172 1700 1246; x_wconf 88' lang='lat' dir='ltr'>relinquliur,</span> <span class='ocrx_word' id='word_1_143' title='bbox 1714 1193 1808 1248; x_wconf 77' lang='lat' dir='ltr'>pravas</span> 
     </span>
     <span class='ocr_line' id='line_1_11' title="bbox 47 1256 1811 1351; baseline 0.001 -34"><span class='ocrx_word' id='word_1_144' title='bbox 47 1275 139 1351; x_wconf 76' lang='lat' dir='ltr'>pro</span> <span class='ocrx_word' id='word_1_145' title='bbox 160 1275 274 1331; x_wconf 82' lang='lat' dir='ltr'>puero,</span> <span class='ocrx_word' id='word_1_146' title='bbox 291 1259 340 1315; x_wconf 88' lang='lat' dir='ltr'>scd</span> <span class='ocrx_word' id='word_1_147' title='bbox 357 1263 385 1314; x_wconf 91' lang='lat' dir='ltr'>et</span> <span class='ocrx_word' id='word_1_148' title='bbox 394 1258 511 1330; x_wconf 90' lang='lat' dir='ltr'>publice</span> <span class='ocrx_word' id='word_1_149' title='bbox 522 1259 711 1331; x_wconf 82' lang='lat' dir='ltr'>poeuiterread</span> <span class='ocrx_word' id='word_1_150' title='bbox 724 1259 930 1315; x_wconf 85' lang='lat' dir='ltr'>reconciliatio·</span> <span class='ocrx_word' id='word_1_151' title='bbox 985 1256 1145 1313; x_wconf 87' lang='lat' dir='ltr'>voluntatis</span> <span class='ocrx_word' id='word_1_152' title='bbox 1160 1259 1265 1313; x_wconf 88' lang='lat' dir='ltr'>studiis</span> <span class='ocrx_word' id='word_1_153' title='bbox 1281 1260 1343 1328; x_wconf 79' lang='lat' dir='ltr'>stris</span> <span class='ocrx_word' id='word_1_154' title='bbox 1363 1261 1517 1316; x_wconf 82' lang='lat' dir='ltr'>tentaverit</span> <span class='ocrx_word' id='word_1_155' title='bbox 1538 1263 1720 1335; x_wconf 82' lang='lat' dir='ltr'>compendiis</span> <span class='ocrx_word' id='word_1_156' title='bbox 1746 1264 1811 1320; x_wconf 85' lang='lat' dir='ltr'>reti·</span> 
     </span>
     <span class='ocr_line' id='line_1_12' title="bbox 46 1345 1809 1423; baseline -0.002 -19"><span class='ocrx_word' id='word_1_157' title='bbox 46 1363 160 1422; x_wconf 66' lang='lat' dir='ltr'>„em</span> <span class='ocrx_word' id='word_1_158' title='bbox 180 1347 338 1414; x_wconf 87' lang='lat' dir='ltr'>accedens,</span> <span class='ocrx_word' id='word_1_159' title='bbox 349 1345 491 1419; x_wconf 87' lang='lat' dir='ltr'>scriptum</span> <span class='ocrx_word' id='word_1_160' title='bbox 509 1365 615 1403; x_wconf 89' lang='lat' dir='ltr'>nemen</span> <span class='ocrx_word' id='word_1_161' title='bbox 632 1347 783 1421; x_wconf 87' lang='lat' dir='ltr'>preprium</span> <span class='ocrx_word' id='word_1_162' title='bbox 794 1365 827 1403; x_wconf 87' lang='lat' dir='ltr'>cx</span> <span class='ocrx_word' id='word_1_163' title='bbox 843 1347 930 1403; x_wconf 91' lang='lat' dir='ltr'>tradi·</span> <span class='ocrx_word' id='word_1_164' title='bbox 986 1363 1063 1401; x_wconf 87' lang='lat' dir='ltr'>nere.</span> <span class='ocrx_word' id='word_1_165' title='bbox 1081 1368 1095 1396; x_wconf 80' lang='lat' dir='ltr'>a</span> <span class='ocrx_word' id='word_1_166' title='bbox 1108 1348 1141 1401; x_wconf 83' lang='lat' dir='ltr'>Et</span> <span class='ocrx_word' id='word_1_167' title='bbox 1156 1348 1230 1402; x_wconf 89' lang='lat' dir='ltr'>sacri</span> <span class='ocrx_word' id='word_1_168' title='bbox 1246 1364 1372 1402; x_wconf 88' lang='lat' dir='ltr'>canones</span> <span class='ocrx_word' id='word_1_169' title='bbox 1387 1351 1472 1415; x_wconf 86' lang='lat' dir='ltr'>(conc.</span> <span class='ocrx_word' id='word_1_170' title='bbox 1489 1349 1585 1419; x_wconf 73' lang='lat' dir='ltr'>Apate,</span> <span class='ocrx_word' id='word_1_171' title='bbox 1601 1368 1624 1405; x_wconf 85' lang='lat' dir='ltr'>r.</span> <span class='ocrx_word' id='word_1_172' title='bbox 1646 1353 1672 1423; x_wconf 80' lang='lat' dir='ltr'>l)</span> <span class='ocrx_word' id='word_1_173' title='bbox 1689 1369 1695 1406; x_wconf 74' lang='grc' dir='ltr'>ς</span> <span class='ocrx_word' id='word_1_174' title='bbox 1714 1375 1728 1403; x_wconf 73' lang='lat' dir='ltr'>a</span> <span class='ocrx_word' id='word_1_175' title='bbox 1744 1352 1809 1409; x_wconf 74' lang='lat' dir='ltr'>Cle-</span> 
     </span>
     <span class='ocr_line' id='line_1_13' title="bbox 46 1432 1810 1514; baseline 0.002 -21"><span class='ocrx_word' id='word_1_176' title='bbox 46 1445 175 1510; x_wconf 55' lang='lat' dir='ltr'>sionc</span> <span class='ocrx_word' id='word_1_177' title='bbox 194 1435 397 1492; x_wconf 85' lang='lat' dir='ltr'>ecclesiastica</span> <span class='ocrx_word' id='word_1_178' title='bbox 410 1436 510 1502; x_wconf 87' lang='lat' dir='ltr'>donat,</span> <span class='ocrx_word' id='word_1_179' title='bbox 523 1437 600 1508; x_wconf 91' lang='lat' dir='ltr'>quod</span> <span class='ocrx_word' id='word_1_180' title='bbox 612 1452 701 1509; x_wconf 91' lang='lat' dir='ltr'>supcr</span> <span class='ocrx_word' id='word_1_181' title='bbox 711 1453 827 1492; x_wconf 87' lang='lat' dir='ltr'>sacrum</span> <span class='ocrx_word' id='word_1_182' title='bbox 841 1435 931 1492; x_wconf 88' lang='lat' dir='ltr'>altare</span> <span class='ocrx_word' id='word_1_183' title='bbox 985 1432 1048 1502; x_wconf 88' lang='lat' dir='ltr'>rici,</span> <span class='ocrx_word' id='word_1_184' title='bbox 1061 1435 1261 1507; x_wconf 86' lang='lat' dir='ltr'>inquiunt,vel</span> <span class='ocrx_word' id='word_1_185' title='bbox 1283 1435 1447 1503; x_wconf 79' lang='lat' dir='ltr'>saculares,</span> <span class='ocrx_word' id='word_1_186' title='bbox 1463 1438 1514 1510; x_wconf 89' lang='lat' dir='ltr'>qui</span> <span class='ocrx_word' id='word_1_187' title='bbox 1530 1439 1692 1496; x_wconf 88' lang='lat' dir='ltr'>oblationes</span> <span class='ocrx_word' id='word_1_188' title='bbox 1703 1458 1810 1514; x_wconf 90' lang='lat' dir='ltr'>paren·</span> 
     </span>
     <span class='ocr_line' id='line_1_14' title="bbox 47 1524 1810 1601; baseline 0.004 -20"><span class='ocrx_word' id='word_1_189' title='bbox 47 1528 173 1601; x_wconf 68' lang='lat' dir='ltr'>inber</span> <span class='ocrx_word' id='word_1_190' title='bbox 189 1529 447 1581; x_wconf 88' lang='lat' dir='ltr'>sacramentorum</span> <span class='ocrx_word' id='word_1_191' title='bbox 463 1524 626 1581; x_wconf 84' lang='lat' dir='ltr'>coelestium</span> <span class='ocrx_word' id='word_1_192' title='bbox 643 1525 868 1582; x_wconf 83' lang='lat' dir='ltr'>celebrationem</span> <span class='ocrx_word' id='word_1_193' title='bbox 883 1541 932 1598; x_wconf 79' lang='lat' dir='ltr'>po</span> <span class='ocrx_word' id='word_1_194' title='bbox 984 1527 1059 1592; x_wconf 86' lang='lat' dir='ltr'>turn,</span> <span class='ocrx_word' id='word_1_195' title='bbox 1071 1528 1123 1579; x_wconf 91' lang='lat' dir='ltr'>aut</span> <span class='ocrx_word' id='word_1_196' title='bbox 1138 1525 1271 1595; x_wconf 89' lang='lat' dir='ltr'>donatas,</span> <span class='ocrx_word' id='word_1_197' title='bbox 1287 1530 1335 1581; x_wconf 89' lang='lat' dir='ltr'>aat</span> <span class='ocrx_word' id='word_1_198' title='bbox 1350 1529 1523 1583; x_wconf 87' lang='lat' dir='ltr'>testamento</span> <span class='ocrx_word' id='word_1_199' title='bbox 1542 1527 1669 1595; x_wconf 92' lang='lat' dir='ltr'>relictas,</span> <span class='ocrx_word' id='word_1_200' title='bbox 1686 1531 1810 1588; x_wconf 87' lang='lat' dir='ltr'>retinere</span> 
     </span>
     <span class='ocr_line' id='line_1_15' title="bbox 51 1613 1846 1689; baseline 0.004 -21"><span class='ocrx_word' id='word_1_201' title='bbox 51 1618 190 1689; x_wconf 61' lang='lat' dir='ltr'>nitur,</span> <span class='ocrx_word' id='word_1_202' title='bbox 203 1616 235 1671; x_wconf 85' lang='lat' dir='ltr'>et</span> <span class='ocrx_word' id='word_1_203' title='bbox 250 1613 432 1671; x_wconf 84' lang='lat' dir='ltr'>recitandum</span> <span class='ocrx_word' id='word_1_204' title='bbox 443 1615 479 1670; x_wconf 90' lang='lat' dir='ltr'>ad</span> <span class='ocrx_word' id='word_1_205' title='bbox 495 1614 592 1670; x_wconf 91' lang='lat' dir='ltr'>locum</span> <span class='ocrx_word' id='word_1_206' title='bbox 610 1632 662 1687; x_wconf 86' lang='lat' dir='ltr'>per</span> <span class='ocrx_word' id='word_1_207' title='bbox 677 1616 859 1670; x_wconf 88' lang='lat' dir='ltr'>sacerdotem</span> <span class='ocrx_word' id='word_1_208' title='bbox 875 1615 930 1671; x_wconf 78' lang='lat' dir='ltr'>llo·</span> <span class='ocrx_word' id='word_1_209' title='bbox 985 1613 1411 1687; x_wconf 76' lang='lat' dir='ltr'>praesumpserintautidqued</span> <span class='ocrx_word' id='word_1_210' title='bbox 1424 1616 1478 1687; x_wconf 90' lang='lat' dir='ltr'>ipsi</span> <span class='ocrx_word' id='word_1_211' title='bbox 1489 1617 1810 1676; x_wconf 88' lang='lat' dir='ltr'>donaveruntecclesiis</span> <span class='ocrx_word' id='word_1_212' title='bbox 1844 1679 1846 1683; x_wconf 67' lang='grc'><em>,</em></span> 
     </span>
     <span class='ocr_line' id='line_1_16' title="bbox 52 1701 1810 1782; baseline 0.002 -21"><span class='ocrx_word' id='word_1_213' title='bbox 52 1704 178 1778; x_wconf 70' lang='lat' dir='ltr'>mino</span> <span class='ocrx_word' id='word_1_214' title='bbox 195 1703 430 1759; x_wconf 86' lang='lat' dir='ltr'>commendatur.</span> <span class='ocrx_word' id='word_1_215' title='bbox 443 1704 475 1759; x_wconf 89' lang='lat' dir='ltr'>ln</span> <span class='ocrx_word' id='word_1_216' title='bbox 491 1703 582 1759; x_wconf 87' lang='lat' dir='ltr'>sacris</span> <span class='ocrx_word' id='word_1_217' title='bbox 598 1703 791 1760; x_wconf 86' lang='lat' dir='ltr'>nihilominus</span> <span class='ocrx_word' id='word_1_218' title='bbox 805 1701 931 1777; x_wconf 76' lang='lat' dir='ltr'>dypticis</span> <span class='ocrx_word' id='word_1_219' title='bbox 984 1701 1029 1756; x_wconf 89' lang='lat' dir='ltr'>vel</span> <span class='ocrx_word' id='word_1_220' title='bbox 1040 1702 1225 1759; x_wconf 91' lang='lat' dir='ltr'>monasteriis</span> <span class='ocrx_word' id='word_1_221' title='bbox 1236 1703 1412 1760; x_wconf 87' lang='lat' dir='ltr'>crediderint</span> <span class='ocrx_word' id='word_1_222' title='bbox 1423 1707 1624 1775; x_wconf 82' lang='lat' dir='ltr'>auferendum,</span> <span class='ocrx_word' id='word_1_223' title='bbox 1636 1706 1711 1763; x_wconf 84' lang='lat' dir='ltr'>sicut</span> <span class='ocrx_word' id='word_1_224' title='bbox 1727 1726 1810 1782; x_wconf 83' lang='lat' dir='ltr'>syne-</span> 
     </span>
     <span class='ocr_line' id='line_1_17' title="bbox 56 1790 1807 1870; baseline 0.004 -24"><span class='ocrx_word' id='word_1_225' title='bbox 56 1809 152 1866; x_wconf 56' lang='grc' dir='ltr'>μου</span> <span class='ocrx_word' id='word_1_226' title='bbox 164 1790 274 1848; x_wconf 80' lang='lat' dir='ltr'>frivole</span> <span class='ocrx_word' id='word_1_227' title='bbox 288 1792 409 1847; x_wconf 90' lang='lat' dir='ltr'>nomina</span> <span class='ocrx_word' id='word_1_228' title='bbox 424 1791 556 1848; x_wconf 80' lang='lat' dir='ltr'>fidelium</span> <span class='ocrx_word' id='word_1_229' title='bbox 571 1796 631 1848; x_wconf 91' lang='lat' dir='ltr'>tarn</span> <span class='ocrx_word' id='word_1_230' title='bbox 643 1792 769 1848; x_wconf 84' lang='lat' dir='ltr'>virerum</span> <span class='ocrx_word' id='word_1_231' title='bbox 782 1810 870 1864; x_wconf 85' lang='lat' dir='ltr'>quam</span> <span class='ocrx_word' id='word_1_232' title='bbox 885 1793 931 1847; x_wconf 91' lang='lat' dir='ltr'>de·</span> <span class='ocrx_word' id='word_1_233' title='bbox 985 1790 1041 1846; x_wconf 90' lang='lat' dir='ltr'>dus</span> <span class='ocrx_word' id='word_1_234' title='bbox 1056 1795 1158 1846; x_wconf 87' lang='lat' dir='ltr'>saneta</span> <span class='ocrx_word' id='word_1_235' title='bbox 1179 1791 1340 1858; x_wconf 88' lang='lat' dir='ltr'>constituit,</span> <span class='ocrx_word' id='word_1_236' title='bbox 1356 1793 1434 1848; x_wconf 79' lang='lat' dir='ltr'>velut</span> <span class='ocrx_word' id='word_1_237' title='bbox 1459 1798 1609 1851; x_wconf 86' lang='lat' dir='ltr'>necatores</span> <span class='ocrx_word' id='word_1_238' title='bbox 1633 1814 1807 1870; x_wconf 87' lang='lat' dir='ltr'>pauperum,</span> 
     </span>
     <span class='ocr_line' id='line_1_18' title="bbox 58 1881 1811 1956; baseline 0.003 -18"><span class='ocrx_word' id='word_1_239' title='bbox 58 1884 272 1953; x_wconf 77' lang='lat' dir='ltr'>functorum</span> <span class='ocrx_word' id='word_1_240' title='bbox 287 1881 467 1952; x_wconf 86' lang='lat' dir='ltr'>scribuntur,</span> <span class='ocrx_word' id='word_1_241' title='bbox 484 1886 512 1936; x_wconf 89' lang='lat' dir='ltr'>et</span> <span class='ocrx_word' id='word_1_242' title='bbox 522 1881 737 1955; x_wconf 71' lang='lat' dir='ltr'>infideliumldc</span> <span class='ocrx_word' id='word_1_243' title='bbox 751 1882 861 1937; x_wconf 85' lang='lat' dir='ltr'>eisdem</span> <span class='ocrx_word' id='word_1_244' title='bbox 878 1882 929 1956; x_wconf 81' lang='lat' dir='ltr'>dy·</span> <span class='ocrx_word' id='word_1_245' title='bbox 985 1897 1137 1952; x_wconf 86' lang='lat' dir='ltr'>queusque</span> <span class='ocrx_word' id='word_1_246' title='bbox 1153 1881 1286 1943; x_wconf 86' lang='lat' dir='ltr'>reddant,</span> <span class='ocrx_word' id='word_1_247' title='bbox 1299 1882 1334 1936; x_wconf 89' lang='lat' dir='ltr'>ab</span> <span class='ocrx_word' id='word_1_248' title='bbox 1350 1881 1481 1939; x_wconf 85' lang='lat' dir='ltr'>ecclesiis</span> <span class='ocrx_word' id='word_1_249' title='bbox 1496 1884 1697 1941; x_wconf 82' lang='lat' dir='ltr'>excludantur.</span> <span class='ocrx_word' id='word_1_250' title='bbox 1712 1910 1725 1935; x_wconf 74' lang='lat' dir='ltr'>a</span> <span class='ocrx_word' id='word_1_251' title='bbox 1737 1889 1811 1953; x_wconf 84' lang='lat' dir='ltr'>Qua·</span> 
     </span>
     <span class='ocr_line' id='line_1_19' title="bbox 58 1968 1809 2056; baseline 0.002 -29"><span class='ocrx_word' id='word_1_252' title='bbox 58 1968 188 2056; x_wconf 70' lang='lat' dir='ltr'>pticis</span> <span class='ocrx_word' id='word_1_253' title='bbox 204 1968 293 2025; x_wconf 87' lang='lat' dir='ltr'>etiam</span> <span class='ocrx_word' id='word_1_254' title='bbox 304 1973 372 2042; x_wconf 90' lang='lat' dir='ltr'>post</span> <span class='ocrx_word' id='word_1_255' title='bbox 387 1974 512 2026; x_wconf 89' lang='lat' dir='ltr'>mortem</span> <span class='ocrx_word' id='word_1_256' title='bbox 525 1970 623 2026; x_wconf 86' lang='lat' dir='ltr'>divino</span> <span class='ocrx_word' id='word_1_257' title='bbox 630 1971 752 2042; x_wconf 90' lang='lat' dir='ltr'>judicie,</span> <span class='ocrx_word' id='word_1_258' title='bbox 763 1971 786 2027; x_wconf 91' lang='lat' dir='ltr'>si</span> <span class='ocrx_word' id='word_1_259' title='bbox 799 1971 929 2027; x_wconf 88' lang='lat' dir='ltr'>conscri—</span> <span class='ocrx_word' id='word_1_260' title='bbox 984 1973 1103 2041; x_wconf 88' lang='lat' dir='ltr'>propter</span> <span class='ocrx_word' id='word_1_261' title='bbox 1117 1969 1211 2024; x_wconf 88' lang='lat' dir='ltr'>sciant</span> <span class='ocrx_word' id='word_1_262' title='bbox 1221 1970 1290 2042; x_wconf 91' lang='lat' dir='ltr'>quia</span> <span class='ocrx_word' id='word_1_263' title='bbox 1300 1987 1367 2026; x_wconf 91' lang='lat' dir='ltr'>cum</span> <span class='ocrx_word' id='word_1_264' title='bbox 1385 1972 1511 2043; x_wconf 88' lang='lat' dir='ltr'>pcccatis</span> <span class='ocrx_word' id='word_1_265' title='bbox 1531 1973 1668 2045; x_wconf 71' lang='lat' dir='ltr'>propriis</span> <span class='ocrx_word' id='word_1_266' title='bbox 1680 1991 1732 2048; x_wconf 91' lang='lat' dir='ltr'>pro</span> <span class='ocrx_word' id='word_1_267' title='bbox 1747 1992 1809 2032; x_wconf 89' lang='lat' dir='ltr'>om·</span> 
     </span>
     <span class='ocr_line' id='line_1_20' title="bbox 63 2058 1811 2143; baseline 0.001 -25"><span class='ocrx_word' id='word_1_268' title='bbox 63 2068 148 2143; x_wconf 75' lang='lat' dir='ltr'>pta</span> <span class='ocrx_word' id='word_1_269' title='bbox 163 2058 295 2122; x_wconf 77' lang='lat' dir='ltr'>fuerant,</span> <span class='ocrx_word' id='word_1_270' title='bbox 311 2059 483 2114; x_wconf 90' lang='lat' dir='ltr'>eraduntur.</span> <span class='ocrx_word' id='word_1_271' title='bbox 501 2060 556 2115; x_wconf 88' lang='lat' dir='ltr'>Sed</span> <span class='ocrx_word' id='word_1_272' title='bbox 573 2060 646 2115; x_wconf 86' lang='lat' dir='ltr'>terte</span> <span class='ocrx_word' id='word_1_273' title='bbox 668 2058 752 2132; x_wconf 87' lang='lat' dir='ltr'>quasi</span> <span class='ocrx_word' id='word_1_274' title='bbox 777 2059 929 2132; x_wconf 89' lang='lat' dir='ltr'>principali</span> <span class='ocrx_word' id='word_1_275' title='bbox 985 2058 1072 2113; x_wconf 88' lang='lat' dir='ltr'>nibus</span> <span class='ocrx_word' id='word_1_276' title='bbox 1088 2058 1175 2113; x_wconf 89' lang='lat' dir='ltr'>eliam</span> <span class='ocrx_word' id='word_1_277' title='bbox 1192 2058 1309 2114; x_wconf 89' lang='lat' dir='ltr'>illorum</span> <span class='ocrx_word' id='word_1_278' title='bbox 1320 2060 1447 2133; x_wconf 88' lang='lat' dir='ltr'>peccatis</span> <span class='ocrx_word' id='word_1_279' title='bbox 1458 2059 1507 2133; x_wconf 89' lang='lat' dir='ltr'>qui</span> <span class='ocrx_word' id='word_1_280' title='bbox 1519 2063 1637 2117; x_wconf 86' lang='lat' dir='ltr'>easdem</span> <span class='ocrx_word' id='word_1_281' title='bbox 1649 2080 1695 2118; x_wconf 88' lang='lat' dir='ltr'>rcs</span> <span class='ocrx_word' id='word_1_282' title='bbox 1707 2081 1758 2136; x_wconf 90' lang='lat' dir='ltr'>pro</span> <span class='ocrx_word' id='word_1_283' title='bbox 1769 2080 1811 2121; x_wconf 90' lang='lat' dir='ltr'>re·</span> 
     </span>
     <span class='ocr_line' id='line_1_21' title="bbox 64 2145 1809 2222; baseline 0.003 -18"><span class='ocrx_word' id='word_1_284' title='bbox 64 2145 169 2212; x_wconf 80' lang='lat' dir='ltr'>fulti</span> <span class='ocrx_word' id='word_1_285' title='bbox 185 2145 305 2203; x_wconf 89' lang='lat' dir='ltr'>licentia</span> <span class='ocrx_word' id='word_1_286' title='bbox 322 2146 426 2203; x_wconf 84' lang='lat' dir='ltr'>dicunt</span> <span class='ocrx_word' id='word_1_287' title='bbox 450 2147 595 2221; x_wconf 86' lang='lat' dir='ltr'>principes</span> <span class='ocrx_word' id='word_1_288' title='bbox 613 2165 619 2202; x_wconf 93' lang='lat'>:</span> <span class='ocrx_word' id='word_1_289' title='bbox 635 2149 709 2215; x_wconf 83' lang='lat' dir='ltr'>Quid</span> <span class='ocrx_word' id='word_1_290' title='bbox 734 2149 832 2221; x_wconf 88' lang='lat' dir='ltr'>nragni</span> <span class='ocrx_word' id='word_1_291' title='bbox 860 2148 929 2204; x_wconf 90' lang='lat' dir='ltr'>mali</span> <span class='ocrx_word' id='word_1_292' title='bbox 984 2146 1151 2218; x_wconf 81' lang='lat' dir='ltr'>demptione</span> <span class='ocrx_word' id='word_1_293' title='bbox 1166 2147 1269 2204; x_wconf 77' lang='lat' dir='ltr'>animae</span> <span class='ocrx_word' id='word_1_294' title='bbox 1285 2167 1344 2204; x_wconf 73' lang='lat' dir='ltr'>suae</span> <span class='ocrx_word' id='word_1_295' title='bbox 1359 2150 1513 2217; x_wconf 86' lang='lat' dir='ltr'>dederunt,</span> <span class='ocrx_word' id='word_1_296' title='bbox 1525 2151 1554 2205; x_wconf 90' lang='lat' dir='ltr'>in</span> <span class='ocrx_word' id='word_1_297' title='bbox 1580 2151 1678 2208; x_wconf 73' lang='lat' dir='ltr'>luttere</span> <span class='ocrx_word' id='word_1_298' title='bbox 1696 2152 1809 2222; x_wconf 89' lang='lat' dir='ltr'>judicie</span> 
     </span>
     <span class='ocr_line' id='line_1_22' title="bbox 68 2234 1810 2310; baseline 0.003 -20"><span class='ocrx_word' id='word_1_299' title='bbox 68 2238 206 2299; x_wconf 63' lang='lat' dir='ltr'>eontra</span> <span class='ocrx_word' id='word_1_300' title='bbox 221 2235 314 2292; x_wconf 87' lang='lat' dir='ltr'>Deum</span> <span class='ocrx_word' id='word_1_301' title='bbox 327 2236 415 2302; x_wconf 80' lang='lat' dir='ltr'>facio,</span> <span class='ocrx_word' id='word_1_302' title='bbox 430 2236 472 2292; x_wconf 92' lang='lat' dir='ltr'>vel</span> <span class='ocrx_word' id='word_1_303' title='bbox 485 2237 552 2308; x_wconf 88' lang='lat' dir='ltr'>quis</span> <span class='ocrx_word' id='word_1_304' title='bbox 568 2255 614 2293; x_wconf 92' lang='lat' dir='ltr'>me</span> <span class='ocrx_word' id='word_1_305' title='bbox 627 2238 693 2293; x_wconf 90' lang='lat' dir='ltr'>inde</span> <span class='ocrx_word' id='word_1_306' title='bbox 705 2238 863 2308; x_wconf 83' lang='lat' dir='ltr'>judicabit,</span> <span class='ocrx_word' id='word_1_307' title='bbox 879 2238 929 2310; x_wconf 88' lang='lat' dir='ltr'>qui</span> <span class='ocrx_word' id='word_1_308' title='bbox 985 2234 1144 2308; x_wconf 87' lang='lat' dir='ltr'>punientur</span> <span class='ocrx_word' id='word_1_309' title='bbox 1155 2253 1161 2292; x_wconf 93' lang='lat'><strong>:</strong></span> <span class='ocrx_word' id='word_1_310' title='bbox 1172 2241 1201 2291; x_wconf 90' lang='lat' dir='ltr'>et</span> <span class='ocrx_word' id='word_1_311' title='bbox 1211 2254 1269 2291; x_wconf 91' lang='lat' dir='ltr'>nea</span> <span class='ocrx_word' id='word_1_312' title='bbox 1286 2238 1524 2310; x_wconf 86' lang='lat' dir='ltr'>postponantqui</span> <span class='ocrx_word' id='word_1_313' title='bbox 1544 2240 1617 2295; x_wconf 87' lang='lat' dir='ltr'>torte</span> <span class='ocrx_word' id='word_1_314' title='bbox 1633 2241 1810 2297; x_wconf 84' lang='lat' dir='ltr'>confirmant</span> 
     </span>
     <span class='ocr_line' id='line_1_23' title="bbox 71 2323 1811 2398; baseline 0.003 -16"><span class='ocrx_word' id='word_1_315' title='bbox 71 2340 193 2397; x_wconf 70' lang='lat' dir='ltr'>super</span> <span class='ocrx_word' id='word_1_316' title='bbox 208 2340 312 2380; x_wconf 80' lang='lat' dir='ltr'>omnes</span> <span class='ocrx_word' id='word_1_317' title='bbox 326 2324 466 2390; x_wconf 89' lang='lat' dir='ltr'>consisto,</span> <span class='ocrx_word' id='word_1_318' title='bbox 482 2324 505 2380; x_wconf 92' lang='lat' dir='ltr'>si</span> <span class='ocrx_word' id='word_1_319' title='bbox 523 2329 709 2396; x_wconf 70' lang='lat' dir='ltr'>praeceptum,</span> <span class='ocrx_word' id='word_1_320' title='bbox 729 2325 772 2380; x_wconf 87' lang='lat' dir='ltr'>vel</span> <span class='ocrx_word' id='word_1_321' title='bbox 789 2326 928 2392; x_wconf 88' lang='lat' dir='ltr'>edictum,</span> <span class='ocrx_word' id='word_1_322' title='bbox 983 2323 1149 2380; x_wconf 89' lang='lat' dir='ltr'>inconsulte</span> <span class='ocrx_word' id='word_1_323' title='bbox 1160 2326 1237 2397; x_wconf 90' lang='lat' dir='ltr'>quod</span> <span class='ocrx_word' id='word_1_324' title='bbox 1250 2325 1387 2382; x_wconf 79' lang='lat' dir='ltr'>fidelibus</span> <span class='ocrx_word' id='word_1_325' title='bbox 1400 2326 1445 2382; x_wconf 90' lang='lat' dir='ltr'>vel</span> <span class='ocrx_word' id='word_1_326' title='bbox 1456 2326 1560 2384; x_wconf 89' lang='lat' dir='ltr'>amicis</span> <span class='ocrx_word' id='word_1_327' title='bbox 1571 2327 1633 2384; x_wconf 91' lang='lat' dir='ltr'>suis</span> <span class='ocrx_word' id='word_1_328' title='bbox 1648 2329 1769 2398; x_wconf 89' lang='lat' dir='ltr'>donant,</span> <span class='ocrx_word' id='word_1_329' title='bbox 1781 2334 1811 2387; x_wconf 87' lang='lat' dir='ltr'>et</span> 
     </span>
     <span class='ocr_line' id='line_1_24' title="bbox 72 2411 1811 2488; baseline 0.003 -18"><span class='ocrx_word' id='word_1_330' title='bbox 72 2413 180 2488; x_wconf 87' lang='lat' dir='ltr'>quod</span> <span class='ocrx_word' id='word_1_331' title='bbox 193 2429 285 2468; x_wconf 85' lang='lat' dir='ltr'>manu</span> <span class='ocrx_word' id='word_1_332' title='bbox 296 2414 507 2480; x_wconf 82' lang='lat' dir='ltr'>confirme,aul</span> <span class='ocrx_word' id='word_1_333' title='bbox 518 2411 655 2483; x_wconf 88' lang='lat' dir='ltr'>iulringo‚</span> <span class='ocrx_word' id='word_1_334' title='bbox 664 2418 714 2469; x_wconf 87' lang='lat' dir='ltr'>aut</span> <span class='ocrx_word' id='word_1_335' title='bbox 725 2431 780 2469; x_wconf 93' lang='lat' dir='ltr'>nen</span> <span class='ocrx_word' id='word_1_336' title='bbox 792 2415 930 2470; x_wconf 78' lang='lat' dir='ltr'>attendo?</span> <span class='ocrx_word' id='word_1_337' title='bbox 985 2413 1048 2468; x_wconf 92' lang='lat' dir='ltr'>sine</span> <span class='ocrx_word' id='word_1_338' title='bbox 1058 2412 1171 2484; x_wconf 87' lang='lat' dir='ltr'>judicio</span> <span class='ocrx_word' id='word_1_339' title='bbox 1187 2414 1334 2481; x_wconf 80' lang='lat' dir='ltr'>auserunt,</span> <span class='ocrx_word' id='word_1_340' title='bbox 1345 2415 1464 2487; x_wconf 90' lang='lat' dir='ltr'>quando</span> <span class='ocrx_word' id='word_1_341' title='bbox 1475 2432 1538 2487; x_wconf 79' lang='lat' dir='ltr'>qua</span> <span class='ocrx_word' id='word_1_342' title='bbox 1549 2416 1690 2473; x_wconf 87' lang='lat' dir='ltr'>dederent</span> <span class='ocrx_word' id='word_1_343' title='bbox 1699 2418 1735 2473; x_wconf 92' lang='lat' dir='ltr'>ad</span> <span class='ocrx_word' id='word_1_344' title='bbox 1753 2434 1811 2475; x_wconf 88' lang='lat' dir='ltr'>me·</span> 
     </span>
     <span class='ocr_line' id='line_1_25' title="bbox 69 2501 1811 2579; baseline 0.002 -20"><span class='ocrx_word' id='word_1_345' title='bbox 69 2501 235 2560; x_wconf 81' lang='lat' dir='ltr'>Primum</span> <span class='ocrx_word' id='word_1_346' title='bbox 250 2501 369 2574; x_wconf 88' lang='lat' dir='ltr'>quidem</span> <span class='ocrx_word' id='word_1_347' title='bbox 386 2504 549 2569; x_wconf 86' lang='lat' dir='ltr'>attendant,</span> <span class='ocrx_word' id='word_1_348' title='bbox 567 2502 635 2575; x_wconf 86' lang='lat' dir='ltr'>quia</span> <span class='ocrx_word' id='word_1_349' title='bbox 648 2502 672 2560; x_wconf 89' lang='lat' dir='ltr'>si</span> <span class='ocrx_word' id='word_1_350' title='bbox 690 2502 730 2556; x_wconf 93' lang='lat' dir='ltr'>illi</span> <span class='ocrx_word' id='word_1_351' title='bbox 750 2521 838 2575; x_wconf 88' lang='lat' dir='ltr'>super</span> <span class='ocrx_word' id='word_1_352' title='bbox 856 2504 929 2560; x_wconf 92' lang='lat' dir='ltr'>alios</span> <span class='ocrx_word' id='word_1_353' title='bbox 984 2502 1107 2556; x_wconf 89' lang='lat' dir='ltr'>moriam</span> <span class='ocrx_word' id='word_1_354' title='bbox 1117 2501 1283 2573; x_wconf 79' lang='lat' dir='ltr'>penitenlo</span> <span class='ocrx_word' id='word_1_355' title='bbox 1295 2503 1439 2558; x_wconf 89' lang='lat' dir='ltr'>reducunt</span> <span class='ocrx_word' id='word_1_356' title='bbox 1452 2521 1458 2558; x_wconf 93' lang='lat'>:</span> <span class='ocrx_word' id='word_1_357' title='bbox 1471 2520 1527 2558; x_wconf 92' lang='lat' dir='ltr'>nen</span> <span class='ocrx_word' id='word_1_358' title='bbox 1539 2505 1811 2579; x_wconf 86' lang='lat' dir='ltr'>attendentes,quia</span> 
     </span>
     <span class='ocr_line' id='line_1_26' title="bbox 64 2589 1811 2667; baseline 0.002 -18"><span class='ocrx_word' id='word_1_359' title='bbox 64 2594 180 2659; x_wconf 77' lang='lat' dir='ltr'>sunt,</span> <span class='ocrx_word' id='word_1_360' title='bbox 190 2607 279 2665; x_wconf 85' lang='lat' dir='ltr'>super</span> <span class='ocrx_word' id='word_1_361' title='bbox 288 2590 441 2648; x_wconf 89' lang='lat' dir='ltr'>illosDeus</span> <span class='ocrx_word' id='word_1_362' title='bbox 453 2596 498 2647; x_wconf 85' lang='lat' dir='ltr'>est</span> <span class='ocrx_word' id='word_1_363' title='bbox 509 2610 516 2648; x_wconf 92' lang='lat'>:</span> <span class='ocrx_word' id='word_1_364' title='bbox 527 2598 556 2648; x_wconf 89' lang='lat' dir='ltr'>ct</span> <span class='ocrx_word' id='word_1_365' title='bbox 566 2592 591 2648; x_wconf 94' lang='lat' dir='ltr'>si</span> <span class='ocrx_word' id='word_1_366' title='bbox 608 2609 693 2665; x_wconf 92' lang='lat' dir='ltr'>prave</span> <span class='ocrx_word' id='word_1_367' title='bbox 710 2592 833 2664; x_wconf 80' lang='lat' dir='ltr'>egerint,</span> <span class='ocrx_word' id='word_1_368' title='bbox 849 2597 878 2648; x_wconf 92' lang='lat' dir='ltr'>et</span> <span class='ocrx_word' id='word_1_369' title='bbox 898 2611 929 2649; x_wconf 88' lang='lat' dir='ltr'>se</span> <span class='ocrx_word' id='word_1_370' title='bbox 983 2589 1025 2646; x_wconf 90' lang='lat' dir='ltr'>illi</span> <span class='ocrx_word' id='word_1_371' title='bbox 1041 2592 1150 2646; x_wconf 87' lang='lat' dir='ltr'>vadunt</span> <span class='ocrx_word' id='word_1_372' title='bbox 1161 2592 1196 2646; x_wconf 89' lang='lat' dir='ltr'>de</span> <span class='ocrx_word' id='word_1_373' title='bbox 1208 2591 1325 2657; x_wconf 78' lang='lat' dir='ltr'>seculo,</span> <span class='ocrx_word' id='word_1_374' title='bbox 1335 2608 1401 2647; x_wconf 92' lang='lat' dir='ltr'>cum</span> <span class='ocrx_word' id='word_1_375' title='bbox 1414 2592 1473 2647; x_wconf 84' lang='lat' dir='ltr'>exit</span> <span class='ocrx_word' id='word_1_376' title='bbox 1486 2593 1523 2647; x_wconf 90' lang='lat' dir='ltr'>de</span> <span class='ocrx_word' id='word_1_377' title='bbox 1534 2610 1654 2667; x_wconf 89' lang='lat' dir='ltr'>corpore</span> <span class='ocrx_word' id='word_1_378' title='bbox 1664 2592 1773 2662; x_wconf 89' lang='lat' dir='ltr'>anima,</span> <span class='ocrx_word' id='word_1_379' title='bbox 1782 2598 1811 2653; x_wconf 88' lang='lat' dir='ltr'>et</span> 
     </span>
     <span class='ocr_line' id='line_1_27' title="bbox 61 2678 1810 2755; baseline 0.004 -21"><span class='ocrx_word' id='word_1_380' title='bbox 61 2694 153 2734; x_wconf 77' lang='lat' dir='ltr'>non</span> <span class='ocrx_word' id='word_1_381' title='bbox 171 2679 360 2747; x_wconf 84' lang='lat' dir='ltr'>correxerint,</span> <span class='ocrx_word' id='word_1_382' title='bbox 370 2684 450 2736; x_wconf 89' lang='lat' dir='ltr'>tanto</span> <span class='ocrx_word' id='word_1_383' title='bbox 463 2680 581 2753; x_wconf 87' lang='lat' dir='ltr'>gravius</span> <span class='ocrx_word' id='word_1_384' title='bbox 588 2681 929 2754; x_wconf 84' lang='lat' dir='ltr'>judicabunlrrr,qrranto</span> <span class='ocrx_word' id='word_1_385' title='bbox 984 2678 1262 2735; x_wconf 81' lang='lat' dir='ltr'>remanetinsaeculo</span> <span class='ocrx_word' id='word_1_386' title='bbox 1270 2684 1390 2747; x_wconf 71' lang='lat' dir='ltr'>terraer</span> <span class='ocrx_word' id='word_1_387' title='bbox 1400 2684 1633 2738; x_wconf 84' lang='lat' dir='ltr'>teneturavacuo</span> <span class='ocrx_word' id='word_1_388' title='bbox 1642 2699 1810 2755; x_wconf 84' lang='lat' dir='ltr'>possessore</span> 
     </span>
     <span class='ocr_line' id='line_1_28' title="bbox 58 2755 1809 2843; baseline 0.005 -23"><span class='ocrx_word' id='word_1_389' title='bbox 58 2765 118 2822; x_wconf 85' lang='lat' dir='ltr'>in</span> <span class='ocrx_word' id='word_1_390' title='bbox 129 2767 243 2826; x_wconf 84' lang='lat' dir='ltr'>throne</span> <span class='ocrx_word' id='word_1_391' title='bbox 254 2768 337 2842; x_wconf 88' lang='lat' dir='ltr'>regni</span> <span class='ocrx_word' id='word_1_392' title='bbox 352 2769 464 2825; x_wconf 76' lang='lat' dir='ltr'>caeteris</span> <span class='ocrx_word' id='word_1_393' title='bbox 479 2768 587 2825; x_wconf 90' lang='lat' dir='ltr'>celsius</span> <span class='ocrx_word' id='word_1_394' title='bbox 606 2774 825 2843; x_wconf 72' lang='lat' dir='ltr'>praeponuntur.</span> <span class='ocrx_word' id='word_1_395' title='bbox 837 2771 929 2843; x_wconf 81' lang='lat' dir='ltr'>Reges</span> <span class='ocrx_word' id='word_1_396' title='bbox 984 2784 1080 2822; x_wconf 91' lang='lat' dir='ltr'>rerum</span> <span class='ocrx_word' id='word_1_397' title='bbox 1097 2755 1213 2823; x_wconf 81' lang='lat' dir='ltr'>illarum</span> <span class='ocrx_word' id='word_1_398' title='bbox 1229 2768 1460 2824; x_wconf 84' lang='lat' dir='ltr'>confirmationis</span> <span class='ocrx_word' id='word_1_399' title='bbox 1478 2770 1563 2842; x_wconf 73' lang='lat' dir='ltr'>regiae</span> <span class='ocrx_word' id='word_1_400' title='bbox 1579 2770 1726 2839; x_wconf 88' lang='lat' dir='ltr'>charta,et</span> <span class='ocrx_word' id='word_1_401' title='bbox 1741 2789 1809 2828; x_wconf 91' lang='lat' dir='ltr'>cum</span> 
     </span>
     <span class='ocr_line' id='line_1_29' title="bbox 59 2854 1809 2930; baseline 0.003 -20"><span class='ocrx_word' id='word_1_402' title='bbox 59 2854 748 2930; x_wconf 75' lang='lat' dir='ltr'>onimetsecerdetcssubditorumpravaacta</span> <span class='ocrx_word' id='word_1_403' title='bbox 759 2858 926 2930; x_wconf 85' lang='lat' dir='ltr'>corrigunt:</span> <span class='ocrx_word' id='word_1_404' title='bbox 983 2857 1133 2928; x_wconf 90' lang='lat' dir='ltr'>suspirant</span> <span class='ocrx_word' id='word_1_405' title='bbox 1142 2858 1239 2924; x_wconf 90' lang='lat' dir='ltr'>cerda,</span> <span class='ocrx_word' id='word_1_406' title='bbox 1251 2862 1444 2929; x_wconf 88' lang='lat' dir='ltr'>provocantur</span> <span class='ocrx_word' id='word_1_407' title='bbox 1454 2858 1489 2912; x_wconf 90' lang='lat' dir='ltr'>ad</span> <span class='ocrx_word' id='word_1_408' title='bbox 1502 2858 1735 2915; x_wconf 88' lang='lat' dir='ltr'>maledicendum</span> <span class='ocrx_word' id='word_1_409' title='bbox 1751 2860 1809 2916; x_wconf 93' lang='lat' dir='ltr'>ter·</span> 
     </span>
     <span class='ocr_line' id='line_1_30' title="bbox 59 2942 1809 3021; baseline 0.004 -24"><span class='ocrx_word' id='word_1_410' title='bbox 59 2944 146 2999; x_wconf 73' lang='lat' dir='ltr'>sed</span> <span class='ocrx_word' id='word_1_411' title='bbox 160 2944 296 3002; x_wconf 83' lang='lat' dir='ltr'>oblivisci</span> <span class='ocrx_word' id='word_1_412' title='bbox 312 2962 370 3001; x_wconf 92' lang='lat' dir='ltr'>nen</span> <span class='ocrx_word' id='word_1_413' title='bbox 386 2945 502 3012; x_wconf 86' lang='lat' dir='ltr'>debent,</span> <span class='ocrx_word' id='word_1_414' title='bbox 513 2945 582 3019; x_wconf 89' lang='lat' dir='ltr'>quia</span> <span class='ocrx_word' id='word_1_415' title='bbox 596 2945 714 3002; x_wconf 90' lang='lat' dir='ltr'>illerum</span> <span class='ocrx_word' id='word_1_416' title='bbox 730 2946 874 3018; x_wconf 88' lang='lat' dir='ltr'>mula&#39;per</span> <span class='ocrx_word' id='word_1_417' title='bbox 889 2948 929 3021; x_wconf 79' lang='lat' dir='ltr'>ip</span> <span class='ocrx_word' id='word_1_418' title='bbox 983 2943 1137 2998; x_wconf 86' lang='lat' dir='ltr'>tassisnen</span> <span class='ocrx_word' id='word_1_419' title='bbox 1149 2944 1212 2999; x_wconf 90' lang='lat' dir='ltr'>sine</span> <span class='ocrx_word' id='word_1_420' title='bbox 1220 2942 1329 3015; x_wconf 88' lang='lat' dir='ltr'>peccati</span> <span class='ocrx_word' id='word_1_421' title='bbox 1342 2944 1809 3020; x_wconf 85' lang='lat' dir='ltr'>penderelabia;cumutrumquc</span> 
     </span>
     <span class='ocr_line' id='line_1_31' title="bbox 60 3026 1807 3107; baseline 0.003 -22"><span class='ocrx_word' id='word_1_422' title='bbox 60 3044 166 3088; x_wconf 71' lang='lat' dir='ltr'>aum</span> <span class='ocrx_word' id='word_1_423' title='bbox 173 3033 554 3106; x_wconf 85' lang='lat' dir='ltr'>Dominumjudioabuntur</span> <span class='ocrx_word' id='word_1_424' title='bbox 564 3050 571 3090; x_wconf 91' lang='lat'>:</span> <span class='ocrx_word' id='word_1_425' title='bbox 583 3037 810 3092; x_wconf 87' lang='lat' dir='ltr'>necsurdaaure</span> <span class='ocrx_word' id='word_1_426' title='bbox 822 3026 929 3091; x_wconf 83' lang='lat' dir='ltr'>debent</span> <span class='ocrx_word' id='word_1_427' title='bbox 983 3031 1193 3104; x_wconf 80' lang='lat' dir='ltr'>providendum</span> <span class='ocrx_word' id='word_1_428' title='bbox 1214 3036 1329 3098; x_wconf 64' lang='lat' dir='ltr'>eratne</span> <span class='ocrx_word' id='word_1_429' title='bbox 1343 3031 1473 3088; x_wconf 84' lang='lat' dir='ltr'>videlicet</span> <span class='ocrx_word' id='word_1_430' title='bbox 1488 3033 1651 3090; x_wconf 88' lang='lat' dir='ltr'>inconsulte</span> <span class='ocrx_word' id='word_1_431' title='bbox 1666 3035 1807 3107; x_wconf 87' lang='lat' dir='ltr'>quiddam</span> 
     </span>
     <span class='ocr_line' id='line_1_32' title="bbox 59 3119 1810 3197; baseline 0.005 -25"><span class='ocrx_word' id='word_1_432' title='bbox 59 3121 439 3195; x_wconf 69' lang='lat' dir='ltr'>audirequodscriptum</span> <span class='ocrx_word' id='word_1_433' title='bbox 450 3127 496 3178; x_wconf 91' lang='lat' dir='ltr'>est</span> <span class='ocrx_word' id='word_1_434' title='bbox 508 3139 515 3178; x_wconf 91' lang='lat'><strong>:</strong></span> <span class='ocrx_word' id='word_1_435' title='bbox 527 3126 649 3181; x_wconf 72' lang='lat' dir='ltr'>Potentes</span> <span class='ocrx_word' id='word_1_436' title='bbox 658 3132 779 3197; x_wconf 82' lang='lat' dir='ltr'>potenter</span> <span class='ocrx_word' id='word_1_437' title='bbox 797 3131 927 3181; x_wconf 72' lang='lat' dir='ltr'>braccata</span> <span class='ocrx_word' id='word_1_438' title='bbox 984 3137 1032 3175; x_wconf 89' lang='lat' dir='ltr'>rex</span> <span class='ocrx_word' id='word_1_439' title='bbox 1046 3120 1140 3184; x_wconf 88' lang='lat' dir='ltr'>daret,</span> <span class='ocrx_word' id='word_1_440' title='bbox 1156 3137 1208 3175; x_wconf 91' lang='lat' dir='ltr'>nec</span> <span class='ocrx_word' id='word_1_441' title='bbox 1223 3120 1286 3176; x_wconf 89' lang='lat' dir='ltr'>sine</span> <span class='ocrx_word' id='word_1_442' title='bbox 1297 3119 1410 3191; x_wconf 88' lang='lat' dir='ltr'>judicio</span> <span class='ocrx_word' id='word_1_443' title='bbox 1424 3120 1562 3192; x_wconf 85' lang='lat' dir='ltr'>cuiquam</span> <span class='ocrx_word' id='word_1_444' title='bbox 1573 3121 1810 3196; x_wconf 72' lang='lat' dir='ltr'>aequitatisquid-</span> 
     </span>
     <span class='ocr_line' id='line_1_33' title="bbox 59 3195 1809 3286; baseline 0.001 -20"><span class='ocrx_word' id='word_1_445' title='bbox 59 3211 252 3277; x_wconf 72' lang='lat' dir='ltr'>patienter,</span> <span class='ocrx_word' id='word_1_446' title='bbox 263 3213 363 3284; x_wconf 72' lang='lat' dir='ltr'>stipae</span> <span class='ocrx_word' id='word_1_447' title='bbox 376 3219 467 3268; x_wconf 71' lang='lat' dir='ltr'>aalma</span> <span class='ocrx_word' id='word_1_448' title='bbox 477 3212 632 3269; x_wconf 81' lang='lat' dir='ltr'>conceditur</span> <span class='ocrx_word' id='word_1_449' title='bbox 651 3213 842 3268; x_wconf 81' lang='lat' dir='ltr'>erisericordia</span> <span class='ocrx_word' id='word_1_450' title='bbox 852 3213 928 3286; x_wconf 86' lang='lat' dir='ltr'>(Sap.</span> <span class='ocrx_word' id='word_1_451' title='bbox 945 3195 966 3262; x_wconf 81' lang='lat' dir='ltr'>C</span> <span class='ocrx_word' id='word_1_452' title='bbox 984 3209 1051 3264; x_wconf 92' lang='lat' dir='ltr'>dam</span> <span class='ocrx_word' id='word_1_453' title='bbox 1067 3209 1205 3275; x_wconf 82' lang='lat' dir='ltr'>arricrret,</span> <span class='ocrx_word' id='word_1_454' title='bbox 1218 3226 1289 3264; x_wconf 88' lang='lat' dir='ltr'>neve</span> <span class='ocrx_word' id='word_1_455' title='bbox 1304 3209 1523 3281; x_wconf 81' lang='lat' dir='ltr'>pestjudicium</span> <span class='ocrx_word' id='word_1_456' title='bbox 1539 3211 1575 3267; x_wconf 94' lang='lat' dir='ltr'>dc</span> <span class='ocrx_word' id='word_1_457' title='bbox 1585 3210 1691 3267; x_wconf 85' lang='lat' dir='ltr'>ablatis</span> <span class='ocrx_word' id='word_1_458' title='bbox 1706 3211 1809 3269; x_wconf 88' lang='lat' dir='ltr'>charta</span> 
     </span>
     <span class='ocr_line' id='line_1_34' title="bbox 62 3287 1809 3374; baseline 0.005 -24"><span class='ocrx_word' id='word_1_459' title='bbox 62 3300 191 3367; x_wconf 81' lang='lat' dir='ltr'>v1,7).</span> <span class='ocrx_word' id='word_1_460' title='bbox 203 3300 315 3356; x_wconf 79' lang='lat' dir='ltr'>Deinde</span> <span class='ocrx_word' id='word_1_461' title='bbox 325 3299 425 3374; x_wconf 79' lang='lat' dir='ltr'>tegant</span> <span class='ocrx_word' id='word_1_462' title='bbox 435 3299 587 3357; x_wconf 76' lang='lat' dir='ltr'>historiam</span> <span class='ocrx_word' id='word_1_463' title='bbox 600 3301 693 3358; x_wconf 77' lang='lat' dir='ltr'>saneti</span> <span class='ocrx_word' id='word_1_464' title='bbox 713 3287 834 3358; x_wconf 62' lang='lat' dir='ltr'>Abrahae</span> <span class='ocrx_word' id='word_1_465' title='bbox 851 3302 928 3370; x_wconf 73' lang='lat' dir='ltr'>(Gen.</span> <span class='ocrx_word' id='word_1_466' title='bbox 984 3296 1149 3368; x_wconf 88' lang='lat' dir='ltr'>indisrupta</span> <span class='ocrx_word' id='word_1_467' title='bbox 1164 3300 1304 3353; x_wconf 90' lang='lat' dir='ltr'>maneret.</span> <span class='ocrx_word' id='word_1_468' title='bbox 1330 3298 1476 3371; x_wconf 90' lang='lat' dir='ltr'>Scriptum</span> <span class='ocrx_word' id='word_1_469' title='bbox 1502 3302 1547 3356; x_wconf 92' lang='lat' dir='ltr'>est</span> <span class='ocrx_word' id='word_1_470' title='bbox 1561 3299 1639 3355; x_wconf 91' lang='lat' dir='ltr'>enim</span> <span class='ocrx_word' id='word_1_471' title='bbox 1656 3317 1663 3355; x_wconf 93' lang='lat'>:</span> <span class='ocrx_word' id='word_1_472' title='bbox 1680 3300 1809 3358; x_wconf 74' lang='lat' dir='ltr'>coneric</span> 
     </span>
     <span class='ocr_line' id='line_1_35' title="bbox 64 3385 1810 3462; baseline 0.006 -23"><span class='ocrx_word' id='word_1_473' title='bbox 64 3388 796 3461; x_wconf 74' lang='lat' dir='ltr'>xxm),quiehartamconfirmationisavenditorc</span> <span class='ocrx_word' id='word_1_474' title='bbox 803 3389 927 3462; x_wconf 88' lang='lat' dir='ltr'>sepulcri</span> <span class='ocrx_word' id='word_1_475' title='bbox 978 3385 1120 3458; x_wconf 51' lang='lat' dir='ltr'>joseleino</span> <span class='ocrx_word' id='word_1_476' title='bbox 1136 3387 1274 3449; x_wconf 74' lang='lat' dir='ltr'>luctibus,</span> <span class='ocrx_word' id='word_1_477' title='bbox 1286 3403 1384 3445; x_wconf 73' lang='lat' dir='ltr'>norma</span> <span class='ocrx_word' id='word_1_478' title='bbox 1399 3395 1489 3443; x_wconf 77' lang='lat' dir='ltr'>erstem</span> <span class='ocrx_word' id='word_1_479' title='bbox 1508 3389 1656 3460; x_wconf 79' lang='lat' dir='ltr'>impioram</span> <span class='ocrx_word' id='word_1_480' title='bbox 1676 3398 1810 3462; x_wconf 76' lang='lat' dir='ltr'>putrescet</span> 
     </span>
     <span class='ocr_line' id='line_1_36' title="bbox 69 3474 1809 3551; baseline 0.005 -24"><span class='ocrx_word' id='word_1_481' title='bbox 69 3476 237 3550; x_wconf 72' lang='lat' dir='ltr'>coniugis</span> <span class='ocrx_word' id='word_1_482' title='bbox 250 3494 311 3533; x_wconf 72' lang='lat' dir='ltr'>susa</span> <span class='ocrx_word' id='word_1_483' title='bbox 327 3494 423 3534; x_wconf 89' lang='lat' dir='ltr'>coram</span> <span class='ocrx_word' id='word_1_484' title='bbox 442 3478 511 3534; x_wconf 86' lang='lat' dir='ltr'>filiis</span> <span class='ocrx_word' id='word_1_485' title='bbox 526 3482 555 3533; x_wconf 88' lang='lat' dir='ltr'>ct</span> <span class='ocrx_word' id='word_1_486' title='bbox 569 3478 677 3551; x_wconf 91' lang='lat' dir='ltr'>popule</span> <span class='ocrx_word' id='word_1_487' title='bbox 696 3483 777 3534; x_wconf 80' lang='lat' dir='ltr'>terre</span> <span class='ocrx_word' id='word_1_488' title='bbox 794 3496 844 3551; x_wconf 92' lang='lat' dir='ltr'>pre</span> <span class='ocrx_word' id='word_1_489' title='bbox 868 3483 927 3535; x_wconf 90' lang='lat' dir='ltr'>tam</span> <span class='ocrx_word' id='word_1_490' title='bbox 984 3474 1073 3544; x_wconf 78' lang='lat' dir='ltr'>(Prota</span> <span class='ocrx_word' id='word_1_491' title='bbox 1091 3492 1118 3540; x_wconf 88' lang='lat' dir='ltr'>x,</span> <span class='ocrx_word' id='word_1_492' title='bbox 1135 3475 1173 3545; x_wconf 79' lang='lat' dir='ltr'>e).</span> <span class='ocrx_word' id='word_1_493' title='bbox 1185 3474 1290 3529; x_wconf 86' lang='lat' dir='ltr'>Melius</span> <span class='ocrx_word' id='word_1_494' title='bbox 1305 3474 1404 3548; x_wconf 87' lang='lat' dir='ltr'>itaque</span> <span class='ocrx_word' id='word_1_495' title='bbox 1419 3481 1447 3532; x_wconf 83' lang='lat' dir='ltr'>et</span> <span class='ocrx_word' id='word_1_496' title='bbox 1463 3477 1656 3534; x_wconf 86' lang='lat' dir='ltr'>rationalibus</span> <span class='ocrx_word' id='word_1_497' title='bbox 1671 3483 1758 3546; x_wconf 86' lang='lat' dir='ltr'>esset,</span> <span class='ocrx_word' id='word_1_498' title='bbox 1775 3483 1809 3537; x_wconf 87' lang='lat' dir='ltr'>ut</span> 
     </span>
     <span class='ocr_line' id='line_1_37' title="bbox 72 3562 1808 3640; baseline 0.007 -27"><span class='ocrx_word' id='word_1_499' title='bbox 72 3565 383 3638; x_wconf 74' lang='lat' dir='ltr'>magnoaceepit,ut</span> <span class='ocrx_word' id='word_1_500' title='bbox 396 3565 483 3622; x_wconf 91' lang='lat' dir='ltr'>ctiam</span> <span class='ocrx_word' id='word_1_501' title='bbox 500 3566 634 3622; x_wconf 90' lang='lat' dir='ltr'>adoraret</span> <span class='ocrx_word' id='word_1_502' title='bbox 649 3565 678 3621; x_wconf 96' lang='lat' dir='ltr'>in</span> <span class='ocrx_word' id='word_1_503' title='bbox 695 3569 772 3623; x_wconf 87' lang='lat' dir='ltr'>terra</span> <span class='ocrx_word' id='word_1_504' title='bbox 786 3566 929 3640; x_wconf 86' lang='lat' dir='ltr'>populum</span> <span class='ocrx_word' id='word_1_505' title='bbox 984 3579 1035 3634; x_wconf 92' lang='lat' dir='ltr'>per</span> <span class='ocrx_word' id='word_1_506' title='bbox 1058 3562 1200 3619; x_wconf 87' lang='lat' dir='ltr'>rationem</span> <span class='ocrx_word' id='word_1_507' title='bbox 1217 3562 1350 3635; x_wconf 89' lang='lat' dir='ltr'>disrupta</span> <span class='ocrx_word' id='word_1_508' title='bbox 1374 3564 1475 3620; x_wconf 89' lang='lat' dir='ltr'>charta</span> <span class='ocrx_word' id='word_1_509' title='bbox 1491 3569 1682 3637; x_wconf 89' lang='lat' dir='ltr'>putresceret,</span> <span class='ocrx_word' id='word_1_510' title='bbox 1699 3571 1727 3624; x_wconf 86' lang='lat' dir='ltr'>el</span> <span class='ocrx_word' id='word_1_511' title='bbox 1741 3569 1808 3626; x_wconf 89' lang='lat' dir='ltr'>laus</span> 
     </span>
     <span class='ocr_line' id='line_1_38' title="bbox 74 3646 1807 3726; baseline 0.007 -25"><span class='ocrx_word' id='word_1_512' title='bbox 74 3646 195 3719; x_wconf 65' lang='lat' dir='ltr'>terre,</span> <span class='ocrx_word' id='word_1_513' title='bbox 217 3653 295 3711; x_wconf 78' lang='lat' dir='ltr'>filios</span> <span class='ocrx_word' id='word_1_514' title='bbox 309 3654 446 3710; x_wconf 75' lang='lat' dir='ltr'>videlieet</span> <span class='ocrx_word' id='word_1_515' title='bbox 460 3655 546 3723; x_wconf 77' lang='lat' dir='ltr'>lieth,</span> <span class='ocrx_word' id='word_1_516' title='bbox 563 3658 710 3726; x_wconf 77' lang='lat' dir='ltr'>quatenus</span> <span class='ocrx_word' id='word_1_517' title='bbox 733 3655 761 3710; x_wconf 83' lang='lat' dir='ltr'>id</span> <span class='ocrx_word' id='word_1_518' title='bbox 786 3657 930 3712; x_wconf 70' lang='lat' dir='ltr'>obtineret</span> <span class='ocrx_word' id='word_1_519' title='bbox 983 3650 1240 3723; x_wconf 65' lang='lat' dir='ltr'>equitatisfeerum</span> <span class='ocrx_word' id='word_1_520' title='bbox 1253 3656 1393 3721; x_wconf 89' lang='lat' dir='ltr'>maneret,</span> <span class='ocrx_word' id='word_1_521' title='bbox 1402 3669 1489 3724; x_wconf 86' lang='lat' dir='ltr'>quam</span> <span class='ocrx_word' id='word_1_522' title='bbox 1499 3653 1600 3709; x_wconf 91' lang='lat' dir='ltr'>charta</span> <span class='ocrx_word' id='word_1_523' title='bbox 1609 3656 1807 3714; x_wconf 79' lang='lat' dir='ltr'>confirmatio·</span> 
     </span>
     <span class='ocr_line' id='line_1_39' title="bbox 87 3739 1808 3817; baseline 0.008 -29"><span class='ocrx_word' id='word_1_524' title='bbox 87 3739 204 3797; x_wconf 67' lang='lat' dir='ltr'>audite</span> <span class='ocrx_word' id='word_1_525' title='bbox 225 3743 415 3799; x_wconf 82' lang='lat' dir='ltr'>concessione</span> <span class='ocrx_word' id='word_1_526' title='bbox 440 3742 568 3809; x_wconf 92' lang='lat' dir='ltr'>illerum,</span> <span class='ocrx_word' id='word_1_527' title='bbox 586 3748 614 3799; x_wconf 89' lang='lat' dir='ltr'>ct</span> <span class='ocrx_word' id='word_1_528' title='bbox 637 3760 727 3815; x_wconf 87' lang='lat' dir='ltr'>quam</span> <span class='ocrx_word' id='word_1_529' title='bbox 751 3745 849 3817; x_wconf 88' lang='lat' dir='ltr'>magni</span> <span class='ocrx_word' id='word_1_530' title='bbox 875 3745 929 3801; x_wconf 91' lang='lat' dir='ltr'>boe</span> <span class='ocrx_word' id='word_1_531' title='bbox 984 3739 1030 3794; x_wconf 90' lang='lat' dir='ltr'>nis</span> <span class='ocrx_word' id='word_1_532' title='bbox 1046 3743 1222 3807; x_wconf 89' lang='lat' dir='ltr'>maneret,et</span> <span class='ocrx_word' id='word_1_533' title='bbox 1232 3756 1339 3795; x_wconf 92' lang='lat' dir='ltr'>nemen</span> <span class='ocrx_word' id='word_1_534' title='bbox 1354 3739 1448 3797; x_wconf 91' lang='lat' dir='ltr'>laudis</span> <span class='ocrx_word' id='word_1_535' title='bbox 1465 3746 1652 3812; x_wconf 86' lang='lat' dir='ltr'>putresceret.</span> <span class='ocrx_word' id='word_1_536' title='bbox 1662 3744 1717 3800; x_wconf 86' lang='lat' dir='ltr'>Sed</span> <span class='ocrx_word' id='word_1_537' title='bbox 1734 3745 1808 3802; x_wconf 83' lang='lat' dir='ltr'>torte</span> 
     </span>
     <span class='ocr_line' id='line_1_40' title="bbox 85 3826 1808 3906; baseline 0 -18"><span class='ocrx_word' id='word_1_538' title='bbox 85 3829 227 3888; x_wconf 58' lang='lat' dir='ltr'>madere</span> <span class='ocrx_word' id='word_1_539' title='bbox 239 3830 501 3888; x_wconf 86' lang='lat' dir='ltr'>debeaniinvenirc</span> <span class='ocrx_word' id='word_1_540' title='bbox 515 3826 727 3888; x_wconf 84' lang='lat' dir='ltr'>valebunt.Sed</span> <span class='ocrx_word' id='word_1_541' title='bbox 742 3832 809 3888; x_wconf 90' lang='lat' dir='ltr'>etin</span> <span class='ocrx_word' id='word_1_542' title='bbox 821 3833 930 3906; x_wconf 89' lang='lat' dir='ltr'>legede</span> <span class='ocrx_word' id='word_1_543' title='bbox 983 3827 1044 3883; x_wconf 80' lang='lat' dir='ltr'>hee</span> <span class='ocrx_word' id='word_1_544' title='bbox 1054 3827 1182 3900; x_wconf 87' lang='lat' dir='ltr'>legentes</span> <span class='ocrx_word' id='word_1_545' title='bbox 1192 3828 1234 3884; x_wconf 86' lang='lat' dir='ltr'>rol</span> <span class='ocrx_word' id='word_1_546' title='bbox 1249 3828 1400 3884; x_wconf 86' lang='lat' dir='ltr'>audientes</span> <span class='ocrx_word' id='word_1_547' title='bbox 1411 3827 1558 3901; x_wconf 88' lang='lat' dir='ltr'>principes</span> <span class='ocrx_word' id='word_1_548' title='bbox 1578 3829 1694 3887; x_wconf 90' lang='lat' dir='ltr'>dicent:</span> <span class='ocrx_word' id='word_1_549' title='bbox 1708 3833 1808 3890; x_wconf 89' lang='lat' dir='ltr'>«Bene</span> 
     </span>
     <span class='ocr_line' id='line_1_41' title="bbox 10 3903 1808 3993; baseline 0.004 -23"><span class='ocrx_word' id='word_1_550' title='bbox 10 3964 12 3971; x_wconf 91' lang='lat'><em>.</em></span> <span class='ocrx_word' id='word_1_551' title='bbox 93 3903 928 3993; x_wconf 72' lang='lat' dir='ltr'>haconcmationesuttieienterinvenicnr.,quatantam</span> <span class='ocrx_word' id='word_1_552' title='bbox 982 3935 1036 3973; x_wconf 90' lang='lat' dir='ltr'>uos</span> <span class='ocrx_word' id='word_1_553' title='bbox 1052 3918 1268 3992; x_wconf 85' lang='lat' dir='ltr'>castigaverunt</span> <span class='ocrx_word' id='word_1_554' title='bbox 1280 3918 1407 3991; x_wconf 90' lang='lat' dir='ltr'>episcopi</span> <span class='ocrx_word' id='word_1_555' title='bbox 1426 3935 1433 3973; x_wconf 75' lang='grc' dir='ltr'><strong><em>ι</em></strong></span> <span class='ocrx_word' id='word_1_556' title='bbox 1451 3917 1523 3974; x_wconf 89' lang='lat' dir='ltr'>nibil</span> <span class='ocrx_word' id='word_1_557' title='bbox 1534 3936 1585 3991; x_wconf 92' lang='lat' dir='ltr'>per</span> <span class='ocrx_word' id='word_1_558' title='bbox 1599 3923 1743 3992; x_wconf 77' lang='lat' dir='ltr'>praecepta</span> <span class='ocrx_word' id='word_1_559' title='bbox 1757 3921 1808 3977; x_wconf 90' lang='lat' dir='ltr'>do·</span> 
     </span>
     <span class='ocr_line' id='line_1_42' title="bbox 97 4000 1806 4082; baseline 0.001 -20"><span class='ocrx_word' id='word_1_560' title='bbox 97 4000 142 4051; x_wconf 69' lang='lat'>02</span> <span class='ocrx_word' id='word_1_561' title='bbox 159 4011 215 4064; x_wconf 75' lang='lat' dir='ltr'>na</span> <span class='ocrx_word' id='word_1_562' title='bbox 227 4009 386 4064; x_wconf 85' lang='lat' dir='ltr'>adventum</span> <span class='ocrx_word' id='word_1_563' title='bbox 396 4009 504 4065; x_wconf 86' lang='lat' dir='ltr'>Christi</span> <span class='ocrx_word' id='word_1_564' title='bbox 518 4008 612 4082; x_wconf 87' lang='lat' dir='ltr'>viguit</span> <span class='ocrx_word' id='word_1_565' title='bbox 624 4015 656 4065; x_wconf 94' lang='lat' dir='ltr'>ut</span> <span class='ocrx_word' id='word_1_566' title='bbox 671 4011 759 4066; x_wconf 90' lang='lat' dir='ltr'>ctiam</span> <span class='ocrx_word' id='word_1_567' title='bbox 772 4009 881 4066; x_wconf 87' lang='lat' dir='ltr'>Pilatus</span> <span class='ocrx_word' id='word_1_568' title='bbox 895 4027 929 4066; x_wconf 86' lang='lat' dir='ltr'>ex</span> <span class='ocrx_word' id='word_1_569' title='bbox 984 4006 1131 4073; x_wconf 90' lang='lat' dir='ltr'>nabimus‚</span> <span class='ocrx_word' id='word_1_570' title='bbox 1149 4024 1184 4061; x_wconf 91' lang='lat' dir='ltr'>ne</span> <span class='ocrx_word' id='word_1_571' title='bbox 1199 4005 1306 4061; x_wconf 90' lang='lat' dir='ltr'>iterum</span> <span class='ocrx_word' id='word_1_572' title='bbox 1322 4005 1581 4078; x_wconf 83' lang='lat' dir='ltr'>reprehendamur.</span> <span class='ocrx_word' id='word_1_573' title='bbox 1593 4030 1607 4057; x_wconf 86' lang='lat'>»</span> <span class='ocrx_word' id='word_1_574' title='bbox 1621 4008 1746 4063; x_wconf 68' lang='lat' dir='ltr'>licentra</span> <span class='ocrx_word' id='word_1_575' title='bbox 1755 4025 1806 4064; x_wconf 87' lang='lat' dir='ltr'>eu·</span> 
     </span>
     <span class='ocr_line' id='line_1_43' title="bbox 100 4091 1807 4171; baseline 0.005 -28"><span class='ocrx_word' id='word_1_576' title='bbox 100 4091 929 4171; x_wconf 61' lang='lat' dir='ltr'>{ntiqueoonsuetudineinstruetu5‚p0seentibusiudfflis</span> <span class='ocrx_word' id='word_1_577' title='bbox 983 4092 1065 4148; x_wconf 85' lang='lat' dir='ltr'>disat</span> <span class='ocrx_word' id='word_1_578' title='bbox 1079 4093 1149 4165; x_wconf 86' lang='lat' dir='ltr'>quid</span> <span class='ocrx_word' id='word_1_579' title='bbox 1165 4109 1234 4148; x_wconf 85' lang='lat' dir='ltr'>voce</span> <span class='ocrx_word' id='word_1_580' title='bbox 1243 4092 1452 4165; x_wconf 86' lang='lat' dir='ltr'>castigantium</span> <span class='ocrx_word' id='word_1_581' title='bbox 1464 4094 1605 4166; x_wconf 88' lang='lat' dir='ltr'>propheta</span> <span class='ocrx_word' id='word_1_582' title='bbox 1616 4095 1807 4166; x_wconf 86' lang='lat' dir='ltr'>conqueritur</span> 
     </span>
     <span class='ocr_line' id='line_1_44' title="bbox 24 4178 1805 4260; baseline -0.002 -20"><span class='ocrx_word' id='word_1_583' title='bbox 24 4192 27 4199; x_wconf 94' lang='lat'>&#39;</span> <span class='ocrx_word' id='word_1_584' title='bbox 104 4178 347 4259; x_wconf 70' lang='lat' dir='ltr'>utensgaretur</span> <span class='ocrx_word' id='word_1_585' title='bbox 367 4188 445 4260; x_wconf 89' lang='lat' dir='ltr'>quod</span> <span class='ocrx_word' id='word_1_586' title='bbox 466 4187 497 4243; x_wconf 88' lang='lat' dir='ltr'>ia</span> <span class='ocrx_word' id='word_1_587' title='bbox 522 4187 629 4243; x_wconf 88' lang='lat' dir='ltr'>Christi</span> <span class='ocrx_word' id='word_1_588' title='bbox 654 4186 740 4242; x_wconf 87' lang='lat' dir='ltr'>titulo</span> <span class='ocrx_word' id='word_1_589' title='bbox 761 4187 926 4259; x_wconf 87' lang='lat' dir='ltr'>scripserat,</span> <span class='ocrx_word' id='word_1_590' title='bbox 983 4181 1103 4238; x_wconf 87' lang='lat' dir='ltr'>dicens:</span> <span class='ocrx_word' id='word_1_591' title='bbox 1120 4183 1280 4237; x_wconf 81' lang='lat' dir='ltr'>Currtrimus</span> <span class='ocrx_word' id='word_1_592' title='bbox 1295 4182 1473 4253; x_wconf 82' lang='lat' dir='ltr'>llobyloncra,</span> <span class='ocrx_word' id='word_1_593' title='bbox 1484 4189 1571 4237; x_wconf 84' lang='lat' dir='ltr'>ctaoa</span> <span class='ocrx_word' id='word_1_594' title='bbox 1582 4190 1725 4239; x_wconf 69' lang='lat' dir='ltr'>misenate</span> <span class='ocrx_word' id='word_1_595' title='bbox 1736 4186 1805 4251; x_wconf 73' lang='lat' dir='ltr'>(ter.</span> 
     </span>
     <span class='ocr_line' id='line_1_45' title="bbox 20 4255 1806 4352; baseline 0 -27"><span class='ocrx_word' id='word_1_596' title='bbox 20 4278 24 4283; x_wconf 85' lang='lat'>&#39;</span> <span class='ocrx_word' id='word_1_597' title='bbox 105 4255 217 4352; x_wconf 58' lang='lat' dir='ltr'>{fixerit</span> <span class='ocrx_word' id='word_1_598' title='bbox 233 4274 313 4348; x_wconf 68' lang='lat' dir='ltr'>(laod</span> <span class='ocrx_word' id='word_1_599' title='bbox 326 4278 436 4348; x_wconf 81' lang='lat' dir='ltr'>scripsi,</span> <span class='ocrx_word' id='word_1_600' title='bbox 452 4278 551 4348; x_wconf 82' lang='lat' dir='ltr'>scripsi</span> <span class='ocrx_word' id='word_1_601' title='bbox 569 4276 664 4347; x_wconf 71' lang='lat' dir='ltr'>(loen.¹</span> <span class='ocrx_word' id='word_1_602' title='bbox 675 4293 733 4343; x_wconf 85' lang='lat' dir='ltr'>xix,</span> <span class='ocrx_word' id='word_1_603' title='bbox 753 4276 808 4345; x_wconf 76' lang='lat'>22),</span> <span class='ocrx_word' id='word_1_604' title='bbox 826 4275 928 4331; x_wconf 85' lang='lat' dir='ltr'>nolens</span> <span class='ocrx_word' id='word_1_605' title='bbox 983 4287 1019 4337; x_wconf 80' lang='lat' dir='ltr'>cr,</span> <span class='ocrx_word' id='word_1_606' title='bbox 1035 4271 1073 4340; x_wconf 83' lang='grc'>9).</span> <span class='ocrx_word' id='word_1_607' title='bbox 1086 4269 1212 4341; x_wconf 77' lang='lat' dir='ltr'>babylon</span> <span class='ocrx_word' id='word_1_608' title='bbox 1229 4267 1337 4341; x_wconf 88' lang='lat' dir='ltr'>quippe</span> <span class='ocrx_word' id='word_1_609' title='bbox 1349 4271 1479 4335; x_wconf 91' lang='lat' dir='ltr'>curatur,</span> <span class='ocrx_word' id='word_1_610' title='bbox 1493 4286 1545 4325; x_wconf 92' lang='lat' dir='ltr'>nec</span> <span class='ocrx_word' id='word_1_611' title='bbox 1560 4274 1658 4325; x_wconf 88' lang='lat' dir='ltr'>tamen</span> <span class='ocrx_word' id='word_1_612' title='bbox 1675 4270 1711 4325; x_wconf 91' lang='lat' dir='ltr'>ud</span> <span class='ocrx_word' id='word_1_613' title='bbox 1728 4269 1806 4326; x_wconf 86' lang='lat' dir='ltr'>saui-</span> 
     </span>
     <span class='ocr_line' id='line_1_46' title="bbox 107 4356 1806 4436; baseline 0.002 -26"><span class='ocrx_word' id='word_1_614' title='bbox 107 4356 243 4418; x_wconf 69' lang='lat' dir='ltr'>&#39;nicetam</span> <span class='ocrx_word' id='word_1_615' title='bbox 257 4362 302 4418; x_wconf 79' lang='lat' dir='ltr'>vel</span> <span class='ocrx_word' id='word_1_616' title='bbox 318 4363 507 4420; x_wconf 85' lang='lat' dir='ltr'>immutatum</span> <span class='ocrx_word' id='word_1_617' title='bbox 519 4365 670 4436; x_wconf 86' lang='lat' dir='ltr'>essequod</span> <span class='ocrx_word' id='word_1_618' title='bbox 683 4365 799 4419; x_wconf 84' lang='lat' dir='ltr'>lecerat.</span> <span class='ocrx_word' id='word_1_619' title='bbox 809 4363 890 4430; x_wconf 85' lang='lat' dir='ltr'>Quod</span> <span class='ocrx_word' id='word_1_620' title='bbox 898 4368 928 4419; x_wconf 88' lang='lat' dir='ltr'>et</span> <span class='ocrx_word' id='word_1_621' title='bbox 983 4362 1072 4414; x_wconf 88' lang='lat' dir='ltr'>tatem</span> <span class='ocrx_word' id='word_1_622' title='bbox 1084 4359 1242 4426; x_wconf 85' lang='lat' dir='ltr'>reducitur,</span> <span class='ocrx_word' id='word_1_623' title='bbox 1254 4358 1372 4430; x_wconf 90' lang='lat' dir='ltr'>quando</span> <span class='ocrx_word' id='word_1_624' title='bbox 1381 4375 1465 4413; x_wconf 91' lang='lat' dir='ltr'>mens</span> <span class='ocrx_word' id='word_1_625' title='bbox 1476 4358 1505 4412; x_wconf 94' lang='lat' dir='ltr'>in</span> <span class='ocrx_word' id='word_1_626' title='bbox 1518 4374 1606 4431; x_wconf 85' lang='lat' dir='ltr'>prava</span> <span class='ocrx_word' id='word_1_627' title='bbox 1616 4358 1806 4415; x_wconf 90' lang='lat' dir='ltr'>actionecon·</span> 
     </span>
     <span class='ocr_line' id='line_1_47' title="bbox 18 4426 1808 4524; baseline -0.002 -18"><span class='ocrx_word' id='word_1_628' title='bbox 18 4438 21 4443; x_wconf 43' lang='lat'>¹</span> <span class='ocrx_word' id='word_1_629' title='bbox 106 4426 268 4521; x_wconf 74' lang='lat' dir='ltr'>¹⁰ngeanie</span> <span class='ocrx_word' id='word_1_630' title='bbox 283 4452 433 4508; x_wconf 84' lang='lat' dir='ltr'>firmatum</span> <span class='ocrx_word' id='word_1_631' title='bbox 450 4451 602 4508; x_wconf 88' lang='lat' dir='ltr'>Dominica</span> <span class='ocrx_word' id='word_1_632' title='bbox 617 4450 806 4524; x_wconf 87' lang='lat' dir='ltr'>stipulatione</span> <span class='ocrx_word' id='word_1_633' title='bbox 823 4453 926 4516; x_wconf 88' lang='lat' dir='ltr'>suerat,</span> <span class='ocrx_word' id='word_1_634' title='bbox 982 4447 1058 4516; x_wconf 86' lang='lat' dir='ltr'>susa,</span> <span class='ocrx_word' id='word_1_635' title='bbox 1069 4448 1157 4503; x_wconf 87' lang='lat' dir='ltr'>verba</span> <span class='ocrx_word' id='word_1_636' title='bbox 1172 4446 1362 4519; x_wconf 88' lang='lat' dir='ltr'>correptionis</span> <span class='ocrx_word' id='word_1_637' title='bbox 1380 4445 1471 4515; x_wconf 86' lang='lat' dir='ltr'>audit,</span> <span class='ocrx_word' id='word_1_638' title='bbox 1485 4445 1599 4518; x_wconf 75' lang='lat' dir='ltr'>llatgella</span> <span class='ocrx_word' id='word_1_639' title='bbox 1616 4447 1808 4519; x_wconf 89' lang='lat' dir='ltr'>correptionis</span> 
     </span>
     <span class='ocr_line' id='line_1_48' title="bbox 10 4521 1807 4626; baseline 0.011 -53"><span class='ocrx_word' id='word_1_640' title='bbox 10 4562 13 4573; x_wconf 93' lang='lat'>.</span> <span class='ocrx_word' id='word_1_641' title='bbox 107 4521 184 4618; x_wconf 70' lang='lat' dir='ltr'>sieut</span> <span class='ocrx_word' id='word_1_642' title='bbox 195 4538 306 4610; x_wconf 80' lang='lat' dir='ltr'>psalmo</span> <span class='ocrx_word' id='word_1_643' title='bbox 321 4541 554 4612; x_wconf 89' lang='lat' dir='ltr'>superscriptum</span> <span class='ocrx_word' id='word_1_644' title='bbox 569 4545 625 4608; x_wconf 90' lang='lat' dir='ltr'>cst,</span> <span class='ocrx_word' id='word_1_645' title='bbox 637 4541 674 4596; x_wconf 84' lang='lat' dir='ltr'>Nc</span> <span class='ocrx_word' id='word_1_646' title='bbox 688 4542 928 4612; x_wconf 76' lang='lat' dir='ltr'>corcompostituti</span> <span class='ocrx_word' id='word_1_647' title='bbox 944 4562 967 4626; x_wconf 71' lang='lat' dir='ltr'>p</span> <span class='ocrx_word' id='word_1_648' title='bbox 982 4536 1114 4608; x_wconf 88' lang='lat' dir='ltr'>percipit,</span> <span class='ocrx_word' id='word_1_649' title='bbox 1127 4540 1156 4591; x_wconf 92' lang='lat' dir='ltr'>et</span> <span class='ocrx_word' id='word_1_650' title='bbox 1171 4540 1267 4591; x_wconf 89' lang='lat' dir='ltr'>tamen</span> <span class='ocrx_word' id='word_1_651' title='bbox 1292 4537 1327 4591; x_wconf 93' lang='lat' dir='ltr'>ad</span> <span class='ocrx_word' id='word_1_652' title='bbox 1355 4539 1432 4591; x_wconf 88' lang='lat' dir='ltr'>rectu</span> <span class='ocrx_word' id='word_1_653' title='bbox 1458 4534 1564 4590; x_wconf 86' lang='lat' dir='ltr'>salutis</span> <span class='ocrx_word' id='word_1_654' title='bbox 1589 4534 1693 4590; x_wconf 89' lang='lat' dir='ltr'>itinera</span> <span class='ocrx_word' id='word_1_655' title='bbox 1712 4536 1807 4592; x_wconf 91' lang='lat' dir='ltr'>redire</span> 
     </span>
     <span class='ocr_line' id='line_1_49' title="bbox 107 4620 1805 4701; baseline 0.001 -23"><span class='ocrx_word' id='word_1_656' title='bbox 107 4620 307 4699; x_wconf 55' lang='lat' dir='ltr'>t*scriptionem</span> <span class='ocrx_word' id='word_1_657' title='bbox 320 4631 407 4697; x_wconf 84' lang='lat' dir='ltr'>(Psoi.</span> <span class='ocrx_word' id='word_1_658' title='bbox 425 4633 529 4697; x_wconf 79' lang='lat' dir='ltr'>cxxiv).</span> <span class='ocrx_word' id='word_1_659' title='bbox 541 4630 576 4685; x_wconf 78' lang='lat' dir='ltr'>ut</span> <span class='ocrx_word' id='word_1_660' title='bbox 586 4646 674 4701; x_wconf 87' lang='lat' dir='ltr'>quam</span> <span class='ocrx_word' id='word_1_661' title='bbox 690 4629 859 4685; x_wconf 79' lang='lat' dir='ltr'>certissimas</span> <span class='ocrx_word' id='word_1_662' title='bbox 871 4633 927 4686; x_wconf 82' lang='lat' dir='ltr'>sta·</span> <span class='ocrx_word' id='word_1_663' title='bbox 982 4623 1151 4681; x_wconf 87' lang='lat' dir='ltr'>contemnit.</span> <span class='ocrx_word' id='word_1_664' title='bbox 1162 4625 1197 4679; x_wconf 79' lang='lat' dir='ltr'>ut</span> <span class='ocrx_word' id='word_1_665' title='bbox 1212 4641 1262 4696; x_wconf 91' lang='lat' dir='ltr'>per</span> <span class='ocrx_word' id='word_1_666' title='bbox 1272 4622 1450 4695; x_wconf 84' lang='lat' dir='ltr'>Sapientiam</span> <span class='ocrx_word' id='word_1_667' title='bbox 1464 4640 1470 4678; x_wconf 93' lang='lat'>:</span> <span class='ocrx_word' id='word_1_668' title='bbox 1483 4624 1559 4679; x_wconf 84' lang='lat' dir='ltr'>Sicut</span> <span class='ocrx_word' id='word_1_669' title='bbox 1574 4631 1688 4694; x_wconf 84' lang='lat' dir='ltr'>oretum,</span> <span class='ocrx_word' id='word_1_670' title='bbox 1700 4623 1805 4696; x_wconf 87' lang='lat' dir='ltr'>inquit,</span> 
     </span>
     <span class='ocr_line' id='line_1_50' title="bbox 105 4691 1806 4791; baseline 0.002 -25"><span class='ocrx_word' id='word_1_671' title='bbox 105 4691 223 4791; x_wconf 51' lang='lat' dir='ltr'>Pilitslis</span> <span class='ocrx_word' id='word_1_672' title='bbox 236 4733 270 4772; x_wconf 85' lang='lat' dir='ltr'>ac</span> <span class='ocrx_word' id='word_1_673' title='bbox 289 4717 440 4772; x_wconf 80' lang='lat' dir='ltr'>firmitatis</span> <span class='ocrx_word' id='word_1_674' title='bbox 455 4717 533 4773; x_wconf 91' lang='lat' dir='ltr'>credi</span> <span class='ocrx_word' id='word_1_675' title='bbox 556 4718 661 4773; x_wconf 90' lang='lat' dir='ltr'>debeat</span> <span class='ocrx_word' id='word_1_676' title='bbox 685 4717 925 4790; x_wconf 83' lang='lat' dir='ltr'>chirographum.</span> <span class='ocrx_word' id='word_1_677' title='bbox 982 4718 1011 4771; x_wconf 84' lang='lat' dir='ltr'>ia</span> <span class='ocrx_word' id='word_1_678' title='bbox 1027 4717 1155 4777; x_wconf 84' lang='lat' dir='ltr'>aitro‚ita</span> <span class='ocrx_word' id='word_1_679' title='bbox 1171 4716 1198 4769; x_wconf 87' lang='lat' dir='ltr'>ei</span> <span class='ocrx_word' id='word_1_680' title='bbox 1208 4717 1256 4786; x_wconf 75' lang='lat' dir='ltr'>peri</span> <span class='ocrx_word' id='word_1_681' title='bbox 1270 4714 1704 4785; x_wconf 78' lang='lat' dir='ltr'>rcaertcarmiauccrdipcssimo</span> <span class='ocrx_word' id='word_1_682' title='bbox 1715 4718 1806 4787; x_wconf 82' lang='lat' dir='ltr'>(Prae.</span> 
     </span>
     <span class='ocr_line' id='line_1_51' title="bbox 103 4787 1808 4880; baseline -0.001 -21"><span class='ocrx_word' id='word_1_683' title='bbox 103 4787 136 4844; x_wconf 56' lang='grc' dir='ltr'>’ὰ</span> <span class='ocrx_word' id='word_1_684' title='bbox 151 4806 192 4858; x_wconf 82' lang='lat' dir='ltr'>est</span> <span class='ocrx_word' id='word_1_685' title='bbox 203 4822 291 4861; x_wconf 85' lang='lat' dir='ltr'>manu</span> <span class='ocrx_word' id='word_1_686' title='bbox 307 4806 461 4878; x_wconf 92' lang='lat' dir='ltr'>scriptum,</span> <span class='ocrx_word' id='word_1_687' title='bbox 479 4806 507 4861; x_wconf 92' lang='lat' dir='ltr'>iu</span> <span class='ocrx_word' id='word_1_688' title='bbox 525 4806 598 4862; x_wconf 90' lang='lat' dir='ltr'>libre</span> <span class='ocrx_word' id='word_1_689' title='bbox 613 4808 709 4862; x_wconf 76' lang='lat' dir='ltr'>&#39;lobia</span> <span class='ocrx_word' id='word_1_690' title='bbox 726 4806 841 4880; x_wconf 89' lang='lat' dir='ltr'>legitur,</span> <span class='ocrx_word' id='word_1_691' title='bbox 853 4813 881 4863; x_wconf 85' lang='lat' dir='ltr'>ct</span> <span class='ocrx_word' id='word_1_692' title='bbox 896 4810 926 4863; x_wconf 91' lang='lat' dir='ltr'>in</span> <span class='ocrx_word' id='word_1_693' title='bbox 980 4822 1045 4870; x_wconf 82' lang='lat' dir='ltr'>xrv,</span> <span class='ocrx_word' id='word_1_694' title='bbox 1061 4803 1116 4873; x_wconf 69' lang='lat' dir='ltr'>titt).</span> <span class='ocrx_word' id='word_1_695' title='bbox 1129 4803 1201 4857; x_wconf 87' lang='lat' dir='ltr'>Cum</span> <span class='ocrx_word' id='word_1_696' title='bbox 1218 4806 1331 4856; x_wconf 86' lang='lat' dir='ltr'>acetum</span> <span class='ocrx_word' id='word_1_697' title='bbox 1349 4803 1376 4855; x_wconf 92' lang='lat' dir='ltr'>in</span> <span class='ocrx_word' id='word_1_698' title='bbox 1401 4801 1476 4858; x_wconf 89' lang='lat' dir='ltr'>nitro</span> <span class='ocrx_word' id='word_1_699' title='bbox 1493 4802 1630 4868; x_wconf 87' lang='lat' dir='ltr'>mittitur,</span> <span class='ocrx_word' id='word_1_700' title='bbox 1647 4802 1808 4859; x_wconf 84' lang='lat' dir='ltr'>ell&#39;ervesrit</span> 
     </span>
     <span class='ocr_line' id='line_1_52' title="bbox 104 4866 1808 4967; baseline 0 -22"><span class='ocrx_word' id='word_1_701' title='bbox 104 4866 255 4964; x_wconf 66' lang='lat' dir='ltr'>Biteugelio</span> <span class='ocrx_word' id='word_1_702' title='bbox 267 4893 684 4967; x_wconf 86' lang='lat' dir='ltr'>deconscriptiscautionibus</span> <span class='ocrx_word' id='word_1_703' title='bbox 695 4896 925 4952; x_wconf 86' lang='lat' dir='ltr'>demonstratur.</span> <span class='ocrx_word' id='word_1_704' title='bbox 980 4892 1114 4965; x_wconf 89' lang='lat' dir='ltr'>protinus</span> <span class='ocrx_word' id='word_1_705' title='bbox 1129 4896 1158 4945; x_wconf 89' lang='lat' dir='ltr'>ct</span> <span class='ocrx_word' id='word_1_706' title='bbox 1172 4889 1275 4945; x_wconf 87' lang='lat' dir='ltr'>ebullit</span> <span class='ocrx_word' id='word_1_707' title='bbox 1292 4907 1297 4945; x_wconf 92' lang='lat'>:</span> <span class='ocrx_word' id='word_1_708' title='bbox 1314 4891 1356 4945; x_wconf 88' lang='lat' dir='ltr'>sic</span> <span class='ocrx_word' id='word_1_709' title='bbox 1367 4889 1540 4963; x_wconf 90' lang='lat' dir='ltr'>plerumque</span> <span class='ocrx_word' id='word_1_710' title='bbox 1554 4894 1584 4946; x_wconf 91' lang='lat' dir='ltr'>ct</span> <span class='ocrx_word' id='word_1_711' title='bbox 1598 4892 1686 4947; x_wconf 81' lang='lat' dir='ltr'>corda</span> <span class='ocrx_word' id='word_1_712' title='bbox 1706 4895 1808 4963; x_wconf 90' lang='lat' dir='ltr'>peton-</span> 
     </span>
     <span class='ocr_line' id='line_1_53' title="bbox 104 4958 1805 5057; baseline -0.004 -19"><span class='ocrx_word' id='word_1_713' title='bbox 104 4958 162 5033; x_wconf 69' lang='lat' dir='ltr'>⁸0ti</span> <span class='ocrx_word' id='word_1_714' title='bbox 174 4982 290 5053; x_wconf 87' lang='lat' dir='ltr'>quidam</span> <span class='ocrx_word' id='word_1_715' title='bbox 307 4984 463 5057; x_wconf 86' lang='lat' dir='ltr'>principes,</span> <span class='ocrx_word' id='word_1_716' title='bbox 479 4985 556 5056; x_wconf 88' lang='lat' dir='ltr'>quod</span> <span class='ocrx_word' id='word_1_717' title='bbox 573 4985 650 5041; x_wconf 90' lang='lat' dir='ltr'>Deus</span> <span class='ocrx_word' id='word_1_718' title='bbox 671 5002 688 5040; x_wconf 87' lang='lat' dir='ltr'>a</span> <span class='ocrx_word' id='word_1_719' title='bbox 703 4985 812 5041; x_wconf 90' lang='lat' dir='ltr'>nostris</span> <span class='ocrx_word' id='word_1_720' title='bbox 827 4985 925 5040; x_wconf 85' lang='lat' dir='ltr'>Chris·</span> <span class='ocrx_word' id='word_1_721' title='bbox 981 4981 1065 5043; x_wconf 85' lang='lat' dir='ltr'>tiara,</span> <span class='ocrx_word' id='word_1_722' title='bbox 1077 4980 1126 5053; x_wconf 92' lang='lat' dir='ltr'>qui</span> <span class='ocrx_word' id='word_1_723' title='bbox 1144 4980 1179 5035; x_wconf 93' lang='lat' dir='ltr'>dc</span> <span class='ocrx_word' id='word_1_724' title='bbox 1191 4980 1319 5051; x_wconf 87' lang='lat' dir='ltr'>potentia</span> <span class='ocrx_word' id='word_1_725' title='bbox 1330 4984 1492 5048; x_wconf 87' lang='lat' dir='ltr'>tument,et</span> <span class='ocrx_word' id='word_1_726' title='bbox 1504 4997 1561 5036; x_wconf 92' lang='lat' dir='ltr'>non</span> <span class='ocrx_word' id='word_1_727' title='bbox 1576 4998 1606 5036; x_wconf 92' lang='lat' dir='ltr'>se</span> <span class='ocrx_word' id='word_1_728' title='bbox 1617 4980 1652 5035; x_wconf 87' lang='lat' dir='ltr'>de</span> <span class='ocrx_word' id='word_1_729' title='bbox 1669 4978 1805 5034; x_wconf 91' lang='lat' dir='ltr'>humani-</span> 
     </span>
     <span class='ocr_line' id='line_1_54' title="bbox 105 5048 1804 5145; baseline -0.001 -24"><span class='ocrx_word' id='word_1_730' title='bbox 105 5048 192 5124; x_wconf 57' lang='lat' dir='ltr'>fiunis</span> <span class='ocrx_word' id='word_1_731' title='bbox 200 5070 383 5143; x_wconf 88' lang='lat' dir='ltr'>principibus</span> <span class='ocrx_word' id='word_1_732' title='bbox 394 5071 480 5145; x_wconf 86' lang='lat' dir='ltr'>lenge</span> <span class='ocrx_word' id='word_1_733' title='bbox 491 5072 588 5142; x_wconf 82' lang='lat' dir='ltr'>iaciat,</span> <span class='ocrx_word' id='word_1_734' title='bbox 598 5074 671 5128; x_wconf 89' lang='lat' dir='ltr'>l&#39;orte</span> <span class='ocrx_word' id='word_1_735' title='bbox 689 5090 745 5127; x_wconf 91' lang='lat' dir='ltr'>non</span> <span class='ocrx_word' id='word_1_736' title='bbox 763 5071 923 5143; x_wconf 81' lang='lat' dir='ltr'>prevident,</span> <span class='ocrx_word' id='word_1_737' title='bbox 979 5074 1039 5125; x_wconf 83' lang='lat' dir='ltr'>iate</span> <span class='ocrx_word' id='word_1_738' title='bbox 1050 5068 1219 5135; x_wconf 89' lang='lat' dir='ltr'>humiliant,</span> <span class='ocrx_word' id='word_1_739' title='bbox 1227 5067 1313 5123; x_wconf 86' lang='lat' dir='ltr'>veluti</span> <span class='ocrx_word' id='word_1_740' title='bbox 1324 5068 1470 5123; x_wconf 74' lang='lat' dir='ltr'>Abrabam</span> <span class='ocrx_word' id='word_1_741' title='bbox 1482 5067 1602 5124; x_wconf 87' lang='lat' dir='ltr'>Domine</span> <span class='ocrx_word' id='word_1_742' title='bbox 1617 5067 1700 5131; x_wconf 86' lang='lat' dir='ltr'>dixit,</span> <span class='ocrx_word' id='word_1_743' title='bbox 1710 5066 1804 5121; x_wconf 93' lang='lat' dir='ltr'>humi-</span> 
     </span>
     <span class='ocr_line' id='line_1_55' title="bbox 108 5151 1805 5233; baseline -0.002 -21"><span class='ocrx_word' id='word_1_744' title='bbox 108 5151 581 5229; x_wconf 76' lang='lat' dir='ltr'>tutapostittosinttrmaermatio</span> <span class='ocrx_word' id='word_1_745' title='bbox 592 5159 708 5217; x_wconf 90' lang='lat' dir='ltr'>illerum</span> <span class='ocrx_word' id='word_1_746' title='bbox 720 5160 924 5233; x_wconf 87' lang='lat' dir='ltr'>manet,etipsi</span> <span class='ocrx_word' id='word_1_747' title='bbox 980 5158 1057 5215; x_wconf 90' lang='lat' dir='ltr'>lians</span> <span class='ocrx_word' id='word_1_748' title='bbox 1068 5175 1099 5214; x_wconf 90' lang='lat' dir='ltr'>se</span> <span class='ocrx_word' id='word_1_749' title='bbox 1110 5159 1145 5214; x_wconf 90' lang='lat' dir='ltr'>de</span> <span class='ocrx_word' id='word_1_750' title='bbox 1155 5156 1329 5213; x_wconf 87' lang='lat' dir='ltr'>exaltatione</span> <span class='ocrx_word' id='word_1_751' title='bbox 1340 5156 1541 5213; x_wconf 88' lang='lat' dir='ltr'>collocutionis</span> <span class='ocrx_word' id='word_1_752' title='bbox 1553 5158 1617 5227; x_wconf 86' lang='lat' dir='ltr'>ejus</span> <span class='ocrx_word' id='word_1_753' title='bbox 1629 5172 1635 5208; x_wconf 92' lang='lat'>:</span> <span class='ocrx_word' id='word_1_754' title='bbox 1648 5157 1755 5227; x_wconf 75' lang='lat' dir='ltr'>Loquor</span> <span class='ocrx_word' id='word_1_755' title='bbox 1770 5154 1805 5209; x_wconf 86' lang='lat' dir='ltr'>ud</span> 
     </span>
     <span class='ocr_line' id='line_1_56' title="bbox 108 5224 1802 5321; baseline -0.002 -20"><span class='ocrx_word' id='word_1_756' title='bbox 108 5224 290 5314; x_wconf 61' lang='lat' dir='ltr'>lementa</span> <span class='ocrx_word' id='word_1_757' title='bbox 300 5247 377 5303; x_wconf 87' lang='lat' dir='ltr'>sicut</span> <span class='ocrx_word' id='word_1_758' title='bbox 387 5250 699 5321; x_wconf 83' lang='lat' dir='ltr'>sanctusdugustinus</span> <span class='ocrx_word' id='word_1_759' title='bbox 710 5249 780 5304; x_wconf 90' lang='lat' dir='ltr'>dicit</span> <span class='ocrx_word' id='word_1_760' title='bbox 792 5251 926 5307; x_wconf 83' lang='lat' dir='ltr'>:Transit</span> <span class='ocrx_word' id='word_1_761' title='bbox 980 5251 1128 5306; x_wconf 73' lang='lat' dir='ltr'>coartaret</span> <span class='ocrx_word' id='word_1_762' title='bbox 1141 5264 1232 5302; x_wconf 86' lang='lat' dir='ltr'>mcum</span> <span class='ocrx_word' id='word_1_763' title='bbox 1246 5263 1306 5302; x_wconf 78' lang='lat' dir='ltr'>rura</span> <span class='ocrx_word' id='word_1_764' title='bbox 1320 5249 1374 5302; x_wconf 86' lang='lat' dir='ltr'>sim</span> <span class='ocrx_word' id='word_1_765' title='bbox 1388 5248 1459 5301; x_wconf 78' lang='lat' dir='ltr'>cirris</span> <span class='ocrx_word' id='word_1_766' title='bbox 1480 5255 1505 5301; x_wconf 83' lang='lat' dir='ltr'>et</span> <span class='ocrx_word' id='word_1_767' title='bbox 1522 5246 1615 5317; x_wconf 76' lang='lat' dir='ltr'>putris</span> <span class='ocrx_word' id='word_1_768' title='bbox 1629 5244 1705 5314; x_wconf 82' lang='lat' dir='ltr'>(Gen.</span> <span class='ocrx_word' id='word_1_769' title='bbox 1723 5259 1802 5308; x_wconf 79' lang='lat' dir='ltr'>xviri,</span> 
     </span>
     <span class='ocr_line' id='line_1_57' title="bbox 110 5328 1803 5413; baseline -0.001 -25"><span class='ocrx_word' id='word_1_770' title='bbox 110 5328 228 5399; x_wconf 68' lang='lat' dir='ltr'>tetrae</span> <span class='ocrx_word' id='word_1_771' title='bbox 243 5340 343 5391; x_wconf 89' lang='lat' dir='ltr'>manet</span> <span class='ocrx_word' id='word_1_772' title='bbox 353 5330 461 5393; x_wconf 73' lang='lat' dir='ltr'>reatus.</span> <span class='ocrx_word' id='word_1_773' title='bbox 469 5338 549 5413; x_wconf 82' lang='lat' dir='ltr'>Quod</span> <span class='ocrx_word' id='word_1_774' title='bbox 562 5354 649 5392; x_wconf 87' lang='lat' dir='ltr'>suum</span> <span class='ocrx_word' id='word_1_775' title='bbox 660 5343 722 5393; x_wconf 91' lang='lat' dir='ltr'>erat</span> <span class='ocrx_word' id='word_1_776' title='bbox 731 5338 803 5393; x_wconf 88' lang='lat' dir='ltr'>loeis</span> <span class='ocrx_word' id='word_1_777' title='bbox 814 5340 923 5395; x_wconf 88' lang='lat' dir='ltr'>sanctis</span> <span class='ocrx_word' id='word_1_778' title='bbox 977 5335 1160 5409; x_wconf 81' lang='lat' dir='ltr'>27J.Quande</span> <span class='ocrx_word' id='word_1_779' title='bbox 1177 5335 1387 5406; x_wconf 86' lang='lat' dir='ltr'>correptionem</span> <span class='ocrx_word' id='word_1_780' title='bbox 1403 5331 1575 5404; x_wconf 87' lang='lat' dir='ltr'>castigantis</span> <span class='ocrx_word' id='word_1_781' title='bbox 1591 5331 1672 5386; x_wconf 85' lang='lat' dir='ltr'>missi</span> <span class='ocrx_word' id='word_1_782' title='bbox 1685 5330 1803 5387; x_wconf 91' lang='lat' dir='ltr'>Domini</span> 
     </span>
     <span class='ocr_line' id='line_1_58' title="bbox 115 5404 1803 5500; baseline -0.001 -23"><span class='ocrx_word' id='word_1_783' title='bbox 115 5404 207 5478; x_wconf 63' lang='lat' dir='ltr'>ittam</span> <span class='ocrx_word' id='word_1_784' title='bbox 230 5439 284 5497; x_wconf 90' lang='lat' dir='ltr'>per</span> <span class='ocrx_word' id='word_1_785' title='bbox 305 5425 568 5493; x_wconf 78' lang='lat' dir='ltr'>confirmationem,</span> <span class='ocrx_word' id='word_1_786' title='bbox 582 5431 610 5481; x_wconf 91' lang='lat' dir='ltr'>ct</span> <span class='ocrx_word' id='word_1_787' title='bbox 634 5425 689 5482; x_wconf 89' lang='lat' dir='ltr'>sibi</span> <span class='ocrx_word' id='word_1_788' title='bbox 713 5431 856 5499; x_wconf 87' lang='lat' dir='ltr'>usurpant</span> <span class='ocrx_word' id='word_1_789' title='bbox 873 5444 923 5500; x_wconf 89' lang='lat' dir='ltr'>per</span> <span class='ocrx_word' id='word_1_790' title='bbox 978 5426 1153 5491; x_wconf 65' lang='lat' dir='ltr'>audientes</span> <span class='ocrx_word' id='word_1_791' title='bbox 1168 5429 1282 5478; x_wconf 84' lang='lat' dir='ltr'>tranare</span> <span class='ocrx_word' id='word_1_792' title='bbox 1301 5423 1397 5477; x_wconf 87' lang='lat' dir='ltr'>cerdis</span> <span class='ocrx_word' id='word_1_793' title='bbox 1417 5422 1444 5475; x_wconf 92' lang='lat' dir='ltr'>ia</span> <span class='ocrx_word' id='word_1_794' title='bbox 1460 5422 1548 5474; x_wconf 89' lang='lat' dir='ltr'>verba</span> <span class='ocrx_word' id='word_1_795' title='bbox 1562 5418 1803 5477; x_wconf 88' lang='lat' dir='ltr'>centradictionis</span> 
     </span>
     <span class='ocr_line' id='line_1_59' title="bbox 10 5507 1801 5586; baseline 0.002 -24"><span class='ocrx_word' id='word_1_796' title='bbox 10 5547 24 5581; x_wconf 79' lang='lat'>.-</span> <span class='ocrx_word' id='word_1_797' title='bbox 119 5509 498 5586; x_wconf 68' lang='lat' dir='ltr'>crepationemeacqaon</span> <span class='ocrx_word' id='word_1_798' title='bbox 512 5517 544 5569; x_wconf 87' lang='lat' dir='ltr'>ut</span> <span class='ocrx_word' id='word_1_799' title='bbox 555 5513 650 5569; x_wconf 78' lang='lat' dir='ltr'>saculi</span> <span class='ocrx_word' id='word_1_800' title='bbox 665 5516 852 5586; x_wconf 85' lang='lat' dir='ltr'>pauperiores</span> <span class='ocrx_word' id='word_1_801' title='bbox 863 5533 920 5573; x_wconf 92' lang='lat' dir='ltr'>nen</span> <span class='ocrx_word' id='word_1_802' title='bbox 977 5517 1132 5586; x_wconf 88' lang='lat' dir='ltr'>erumpunt</span> <span class='ocrx_word' id='word_1_803' title='bbox 1146 5531 1152 5569; x_wconf 79' lang='lat' dir='ltr'><strong><em>z</em></strong></span> <span class='ocrx_word' id='word_1_804' title='bbox 1167 5513 1239 5568; x_wconf 88' lang='lat' dir='ltr'>Dare</span> <span class='ocrx_word' id='word_1_805' title='bbox 1251 5512 1361 5566; x_wconf 88' lang='lat' dir='ltr'>sanctis</span> <span class='ocrx_word' id='word_1_806' title='bbox 1371 5509 1442 5564; x_wconf 91' lang='lat' dir='ltr'>locis</span> <span class='ocrx_word' id='word_1_807' title='bbox 1452 5507 1495 5563; x_wconf 91' lang='lat' dir='ltr'>vel</span> <span class='ocrx_word' id='word_1_808' title='bbox 1508 5508 1644 5565; x_wconf 87' lang='lat' dir='ltr'>lidelibus</span> <span class='ocrx_word' id='word_1_809' title='bbox 1660 5507 1729 5564; x_wconf 90' lang='lat' dir='ltr'>viris</span> <span class='ocrx_word' id='word_1_810' title='bbox 1744 5525 1801 5566; x_wconf 89' lang='lat' dir='ltr'>nen</span> 
     </span>
     <span class='ocr_line' id='line_1_60' title="bbox 119 5588 1801 5674; baseline 0.002 -21"><span class='ocrx_word' id='word_1_811' title='bbox 119 5588 230 5657; x_wconf 73' lang='lat' dir='ltr'>otonem</span> <span class='ocrx_word' id='word_1_812' title='bbox 241 5616 295 5673; x_wconf 83' lang='lat' dir='ltr'>per</span> <span class='ocrx_word' id='word_1_813' title='bbox 307 5601 494 5672; x_wconf 85' lang='lat' dir='ltr'>deprecatam</span> <span class='ocrx_word' id='word_1_814' title='bbox 506 5603 721 5674; x_wconf 78' lang='lat' dir='ltr'>praelationem</span> <span class='ocrx_word' id='word_1_815' title='bbox 734 5620 740 5656; x_wconf 91' lang='lat'>:</span> <span class='ocrx_word' id='word_1_816' title='bbox 754 5604 813 5659; x_wconf 89' lang='lat' dir='ltr'>imo</span> <span class='ocrx_word' id='word_1_817' title='bbox 825 5609 853 5659; x_wconf 91' lang='lat' dir='ltr'>et</span> <span class='ocrx_word' id='word_1_818' title='bbox 864 5605 920 5661; x_wconf 90' lang='lat' dir='ltr'>sibi</span> <span class='ocrx_word' id='word_1_819' title='bbox 974 5605 1128 5660; x_wconf 87' lang='lat' dir='ltr'>vetuerunt</span> <span class='ocrx_word' id='word_1_820' title='bbox 1138 5602 1215 5657; x_wconf 73' lang='lat' dir='ltr'>Mtt</span> <span class='ocrx_word' id='word_1_821' title='bbox 1224 5598 1362 5670; x_wconf 88' lang='lat' dir='ltr'>episcopi,</span> <span class='ocrx_word' id='word_1_822' title='bbox 1375 5600 1526 5652; x_wconf 87' lang='lat' dir='ltr'>cantantes</span> <span class='ocrx_word' id='word_1_823' title='bbox 1536 5597 1674 5655; x_wconf 87' lang='lat' dir='ltr'>omnibus</span> <span class='ocrx_word' id='word_1_824' title='bbox 1687 5615 1693 5654; x_wconf 89' lang='lat'>:</span> <span class='ocrx_word' id='word_1_825' title='bbox 1708 5598 1801 5656; x_wconf 79' lang='lat' dir='ltr'>loreto</span> 
     </span>
    </p>
   </div>
   <div class='ocr_carea' id='block_1_3' title="bbox 0 0 1916 6096">
    <p class='ocr_par' dir='ltr' id='par_1_3' title="bbox 0 0 1916 6096">
     <span class='ocr_line' id='line_1_61' title="bbox 0 0 1916 6096; baseline 0 0"><span class='ocrx_word' id='word_1_826' title='bbox 0 0 1916 6096; x_wconf 95' lang='lat' dir='ltr'> </span> 
     </span>
    </p>
   </div>
  </div>
 </body>
</html>
