3810 6098
96 308 175 370 {093
651 303 702 364 DE
725 302 994 365 neustriensis
1017 302 1251 370 GllllllNOSlS.
1721 309 1800 371 lost

94 457 131 498 ne
145 439 265 497 deterius
278 437 329 495 tibi
343 436 451 509 aliquid
464 437 604 506 contineat
618 437 742 505 (locam,
757 436 811 508 14).
821 436 878 492 Sed
894 439 923 492 ct
938 440 960 504 Α
980 436 1140 493 reverentia
1155 439 1315 493 consecrati
1331 441 1372 495 itn
1386 442 1547 498 docornunt
1558 458 1565 498 t
1577 443 1606 498 Si
1619 442 1686 514 quis
1700 447 1801 499 contra

96 545 186 604 prava
196 527 253 585 sibi
264 530 454 600 suggerentes
465 543 523 581 non
535 525 800 591 obaudiat,dicentc
806 526 925 596 Aposto·
978 541 1063 579 suam
1074 525 1285 597 professionem
1300 526 1344 582 vel
1360 545 1443 584 suam
1455 530 1630 603 scripturam
1645 530 1758 588 venerit
1770 530 1800 586 in

94 619 124 675 lo
136 636 143 674 :
157 614 924 688 Nonsolempnifociuntpcdqtaiccneentiuntsoeimti-
978 612 1086 685 aliquo,
1104 614 1167 686 ipso
1182 631 1212 670 se
1227 614 1336 671 honore
1350 615 1484 688 privabit.
1502 618 1555 685 Qui
1580 623 1677 676 sutem
1702 637 1748 676 res
1772 623 1801 676 et

96 706 241 776 tusdipni
249 713 314 761 sunl
327 712 412 760 niorto
422 705 509 773 (Rern.
522 720 541 771 1,
553 702 757 776 32).llpiseopo
768 703 856 758 etiam
873 720 924 758 nu·
978 701 1131 758 facultates
1141 701 1352 760 ecclesiasticas
1362 704 1543 763 belvacensis
1558 708 1691 765 Ecclesia
1706 710 1801 783 ipsius

96 814 150 870 per
165 795 301 852 ordinato
312 810 397 866 agere
414 792 484 848 talia
502 793 546 848 vel
562 790 671 848 talibus
682 796 849 848 consentire
865 808 923 847 non
978 807 1122 848 consensu
1134 791 1178 848 vel
1191 793 1287 849 favore
1299 794 1490 865 pessumdare
1500 798 1802 873 presumpserint,qui

96 882 258 958 precipiet,
266 883 345 939 unde
356 899 386 937 se
397 880 494 953 ipsum
505 882 649 954 perdat,et
658 897 756 937 coram
769 881 824 937 lleo
837 880 925 937 eccle·
979 879 1182 937 auctoritatem
1193 898 1242 938 eas
1255 881 1314 938 illis
1322 881 1440 939 darevel
1450 884 1614 941 consentire
1623 887 1800 958 nonhabuit,

96 971 251 1030 siasticam
266 971 392 1044 gratiam
408 970 534 1026 amittat.
551 975 623 1026 ttum
635 969 880 1027 coramomnibus
896 973 925 1026 et
979 969 1189 1026 sollicitissime
1214 974 1343 1039 careant,
1361 989 1395 1028 ae
1417 974 1632 1046 suprascriptas
1651 992 1802 1033 sacrorum

95 1061 275 1120 electoribus
290 1065 318 1117 et
326 1057 545 1116 ordinatoribus
555 1045 617 1116 suis
628 1058 845 1116 districtissime
856 1075 925 1132 pro·
979 1073 1125 1114 canonum
1137 1059 1307 1128 sententias,
1317 1060 1353 1115 ab
1364 1061 1502 1117 omnibus
1514 1061 1597 1118 nobis
1607 1062 1803 1137 episcopis,ad

97 1152 195 1209 fessus
210 1154 279 1206 autc
292 1148 507 1205 ordinationem
533 1164 616 1205 suam
642 1146 740 1215 fuerit,
756 1151 785 1204 et
808 1147 926 1221 propria
980 1164 1106 1219 quorum
1136 1147 1269 1204 notitiam
1293 1147 1426 1221 ipsorum
1452 1150 1594 1225 sacrilega
1619 1152 1804 1224 pervenerint

98 1257 190 1299 manu
201 1236 411 1310 subscripserit
424 1253 523 1293 sacras
539 1236 655 1310 regulas
674 1241 925 1294 sanctorumcon·
979 1236 1148 1305 intentatas,
1173 1237 1326 1309 suscipiat,
1350 1243 1379 1295 et
1405 1240 1442 1295 ab
1461 1242 1541 1296 omni
1569 1241 1804 1300 Christianorum

97 1330 248 1398 ciliorum,
261 1332 407 1400 quantum
425 1326 522 1383 seiorit
537 1330 565 1383 ot
579 1326 717 1399 potuerit,
729 1331 924 1383 servaturum.
979 1325 1117 1383 societate
1132 1325 1227 1383 modis
1242 1327 1380 1385 omnibus
1395 1334 1576 1402 separentur.

97 1418 154 1487 Qui
166 1416 375 1475 saoricanones
385 1414 490 1488 spiritu
501 1415 552 1474 Dei
563 1415 716 1483 coaditi,et
725 1415 926 1491 totiusmundi

901 1724 1003 1803 xv.

502 1883 574 1967 DE
603 1883 977 1971 PRESBYTERIS
1007 1883 1355 1994 GRIMINOSIS,

711 2032 747 2094 de
760 2033 866 2115 quidus
880 2034 1056 2116 approbatio
1072 2054 1129 2096 ison
1143 2045 1196 2096 est.

475 2167 570 2239 (Apud
589 2166 736 2236 eumdem,
762 2183 796 2223 ex
820 2167 946 2224 editions
970 2168 1143 2241 Mogontina
1166 2168 1288 2225 loannis
1314 2170 1429 2237 anaei).

135 2401 204 2454 Car.
222 2397 243 2452 l.
259 2397 332 2462 Quid
347 2397 382 2453 dc
393 2397 569 2470 presbyteris
584 2397 804 2466 criminosis,de
815 2399 923 2471 quibus
937 2403 962 2468 Β
977 2400 1068 2456 nostri
1094 2400 1198 2456 Leonis
1223 2399 1386 2473 apostolici,
1411 2406 1641 2475 ceterorumque
1667 2405 1805 2462 Romans

99 2486 273 2561 approbatio
286 2503 343 2542 non
360 2488 567 2559 esl,agendum
583 2487 669 2555 sit,in
685 2487 759 2544 libro
775 2487 928 2559 primatia·
981 2487 1116 2545 Ecclesia
1131 2488 1346 2561 episcoporum,
1362 2495 1391 2545 et
1412 2490 1591 2563 reliquorum
1608 2494 1804 2564 sacerdotum,

99 2575 262 2649 pilularum
279 2575 380 2631 domni
395 2574 489 2632 Caroli
505 2575 691 2649 imperatoris
703 2576 821 2649 augusti
833 2576 927 2649 capite
980 2578 1040 2634 sive
1067 2577 1248 2633 Orontalium
1272 2582 1300 2633 at
1324 2579 1488 2635 Groecorum
1519 2581 1761 2651 patriarcharum,
1777 2588 1806 2640 et

99 2663 253 2737 trigesimo
264 2669 367 2737 quarto
379 2665 522 2736 scripturn
538 2668 582 2720 est
594 2664 655 2738 (lib.
668 2683 686 2720 v
696 2665 814 2737 Capitol.
828 2667 925 2735 c.33):
981 2665 1142 2722 multorum
1158 2671 1326 2722 sanctorum
1337 2667 1552 2740 episcoporum,
1565 2673 1593 2724 et
1608 2673 1805 2739 sacerdotum,

103 2752 162 2809 lloo
187 2752 270 2808 nobis
293 2768 399 2825 magno
422 2768 489 2808 cum
515 2752 613 2810 studio
639 2752 856 2808 retractandum
871 2755 925 2820 est,
981 2771 1093 2811 necnon
1102 2758 1131 2811 et
1146 2757 1314 2810 nostrorum
1325 2754 1528 2827 episcoporum
1540 2757 1805 2825 omnium,caetero-

101 2839 174 2914 quid
184 2839 286 2897 deillis
295 2841 472 2914 presbyteris
487 2840 745 2909 criminosis,unde
756 2840 932 2913 approbatio·
981 2859 1106 2915 rumque
1121 2843 1305 2900 sacerdotum
1329 2860 1362 2899 ac
1387 2843 1554 2900 Levitarum
1580 2846 1753 2903 anctoritate
1777 2852 1806 2904 et

100 2949 160 2987 non
176 2935 232 3002 est,
242 2934 272 2987 et
285 2947 401 3003 semper
411 2930 703 3004 negant,faciendum
719 2931 766 2987 sit.
783 2931 857 2986 Nam
872 2930 926 2987 boc
980 2948 1136 3001 consensu,
1149 2936 1236 3004 atqua
1251 2931 1431 3004 reliquorum
1447 2932 1577 2990 fidelium
1593 2936 1622 2990 et
1632 2939 1805 2994 cunctorum

101 3018 264 3092 sepissime
275 3037 292 3075 a
302 3019 387 3076 nobis
398 3036 431 3076 ac
442 3018 705 3092 predecessoribus
715 3020 825 3076 nostris
835 3019 926 3075 venti·
980 3019 1213 3077 consiliariorum
1227 3024 1394 3077 nostrorum
1408 3021 1545 3078 consultu
1569 3022 1730 3080 diffinitum
1749 3029 1805 3094 est,

100 3106 196 3165 latum
210 3110 318 3179 cst,sed
330 3126 388 3166 non
397 3110 433 3165 ad
445 3108 591 3181 liquidum
601 3109 744 3166 hactenus
755 3107 925 3164 diffinitum.
979 3109 1061 3165 vobis
1072 3109 1209 3165 omnibus
1225 3109 1336 3166 ordinis
1346 3098 1500 3183 utriusque
1512 3110 1656 3169 ministris
1667 3114 1741 3170 scire
1755 3132 1805 3172 vo·

102 3197 236 3255 Undead
261 3198 474 3254 consulendum
500 3199 615 3255 Patrem
641 3203 775 3257 nostrum
800 3199 926 3255 Leonem
979 3198 1089 3254 lumus.
1101 3198 1250 3254 Statutum
1265 3202 1310 3254 est
1324 3199 1580 3270 namque,ratione
1590 3204 1619 3258 et
1633 3203 1806 3259 necessitate

100 3287 840 3361 papamsacerdotesnostrosmisimus‚etquidquid
851 3288 927 3344 abeo
980 3303 1013 3343 ac
1028 3290 1201 3359 auctoritate
1212 3286 1360 3359 predicta,
1377 3287 1514 3344 consultu
1529 3289 1674 3358 omnium,
1686 3295 1719 3347 ut
1734 3307 1806 3363 quo·

100 3376 146 3434 vel
162 3394 181 3434 a
196 3375 258 3434 suis
273 3377 499 3450 perceperimus,
515 3377 598 3434 vobis
614 3395 672 3434 una
688 3395 755 3434 cum
772 3377 831 3434 illis
853 3393 928 3449 quos
981 3375 1153 3446 tiescunque
1168 3374 1306 3448 cuiquam
1322 3376 1466 3432 sacerdoti
1478 3376 1589 3434 crimen
1600 3379 1805 3452 imponitur,si

100 3465 241 3523 misimus
256 3467 424 3522 renuntiare
439 3483 497 3522 non
512 3466 707 3524 tardabimus.
732 3466 790 3523 Vos
810 3466 927 3522 interim
979 3463 1043 3538 ipse
1066 3467 1219 3521 accusator
1241 3465 1311 3522 talis
1334 3465 1432 3534 fuerit,
1446 3469 1478 3521 ut
1494 3466 1583 3540 recipi
1608 3468 1713 3524 debeat
1727 3469 1808 3542 (quia

100 3553 232 3611 vicissim
248 3557 371 3611 tractate
398 3554 549 3622 attentius,
560 3554 633 3627 quid
657 3572 691 3611 ex
714 3554 761 3612 his
776 3555 927 3613 vobiscum
981 3552 1126 3625 qualesad
1138 3553 1354 3610 accusationem
1364 3555 1549 3611 sacerdotum
1559 3555 1808 3614 admittidebeant

100 3644 397 3711 constituamus‚una
411 3660 479 3700 cum
491 3644 621 3716 praedieti
637 3643 730 3701 sancti
739 3644 833 3701 Patris
844 3644 927 3701 insti·
981 3641 1011 3697 in
1027 3642 1189 3699 canonibus
1205 3642 1328 3714 pleniter
1342 3660 1513 3716 expressum
1529 3647 1594 3713 est),
1606 3645 1631 3702 si
1645 3650 1753 3716 auum,
1775 3650 1808 3703 ut

99 3733 277 3802 lotionibus,
294 3736 326 3788 ut
341 3737 580 3791 murmurcesset
600 3732 712 3806 populi,
725 3737 754 3789 et
764 3749 817 3790 nos
832 3733 878 3789 his
890 3732 928 3789 fa·
982 3732 1093 3788 dietum
1108 3731 1219 3800 est,ille
1234 3734 1452 3807 aecusator‚qui
1468 3735 1607 3791 canonica
1622 3736 1807 3809 recipiendus

97 3809 201 3877 ventes
210 3820 430 3887 illasi,Domino
440 3821 608 3891 auxiliante,
617 3823 653 3879 ab
665 3824 797 3896 utrisque
808 3838 925 3879 manca·
982 3825 1036 3891 est,
1048 3837 1116 3878 oum
1127 3838 1195 3877 cum
1205 3820 1337 3895 legitimo
1348 3839 1470 3880 numero
1480 3840 1613 3880 verorum
1624 3827 1654 3880 et
1663 3826 1807 3882 bonorum

96 3909 322 3982 muasequiiur
332 3910 516 3967 confirmatio
527 3916 687 3969 memorata
697 3913 732 3969 de
742 3913 927 3969 sacerdotum
982 3909 1102 3966 testium
1117 3911 1279 3982 approbare
1289 3913 1319 3968 in
1335 3917 1493 3985 conspectu
1508 3913 1713 3987 episcoporum
1723 3919 1808 3988 pote·

95 3999 281 4072 purgatione,
293 4000 389 4072 eapite
404 3999 434 4055 in
450 4001 552 4057 eodem
563 4000 637 4057 libro
649 4001 800 4074 trigesimo
811 4000 924 4074 quinto.
981 3999 1030 4066 rit,
1047 4003 1116 4055 tunc
1132 4000 1271 4055 canonice
1285 4001 1475 4072 dijudicetur,
1490 4004 1519 4058 et
1533 4002 1559 4059 si
1581 4002 1738 4076 culpabilis
1762 4003 1808 4060 in-

132 4087 251 4144 ciali.
268 4089 397 4162 (Capitol.
423 4088 475 4145 lib.
500 4106 529 4158 v,
546 4106 571 4146 c.
595 4091 653 4158 34.)
674 4089 817 4146 Omnibus
843 4089 926 4146 vobis
979 4090 1084 4143 vontus
1112 4087 1365 4154 fuerit,canonice
1395 4090 1559 4147 damnetur.
1584 4091 1614 4146 Si
1643 4107 1710 4147 vero
1739 4108 1808 4149 cum

58 4217 61 4221 .
94 4175 162 4232 visu
178 4180 230 4232 aut
244 4176 346 4233 auditu
362 4181 465 4234 notum
480 4194 545 4235 csse
568 4195 625 4235 non
650 4178 831 4245 dubitamus,
848 4178 923 4252 quod
980 4190 1070 4246 supra
1085 4173 1192 4246 scripta
1217 4179 1356 4248 pretextu
1381 4176 1543 4249 approbare
1568 4177 1630 4249 ipsa
1654 4182 1809 4236 accusator

95 4263 261 4337 saepissime
276 4266 417 4324 suadente
433 4266 553 4340 antiquo
566 4268 649 4324 hoste
660 4267 861 4325 sacerdotibus
872 4268 926 4324 cri·
980 4261 1102 4319 minime
1118 4263 1255 4337 potnerit,
1272 4268 1301 4321 at
1315 4263 1371 4321 hoe
1381 4265 1521 4322 canonice
1537 4264 1708 4322 diffiniatur.

96 4353 180 4409 mina
190 4353 304 4411 diversa
319 4354 509 4427 objiciuntur.
519 4357 575 4414 Sed
591 4356 731 4429 quoniam
752 4356 877 4430 qualiter
891 4374 926 4413 ex
1015 4354 1081 4410 uir.
1095 4353 1325 4427 lll.(ftid.)1pss
1340 4370 1408 4428 ergo
1419 4354 1566 4423 sacerdos,
1579 4354 1604 4411 si
1625 4354 1808 4427 suspiciosus

95 4442 142 4498 eis
152 4443 189 4498 ab
197 4442 245 4499 bis
253 4443 436 4501 rationabilis
451 4445 627 4502 examinatio
642 4449 671 4501 ct
686 4445 846 4502 satisfactio
862 4445 922 4514 flat,
979 4447 1031 4499 aut
1046 4441 1227 4500 incredibilis
1242 4460 1295 4500 suo
1306 4443 1488 4516 episcopante
1499 4441 1620 4516 reliquis
1631 4443 1693 4500 suis
1703 4459 1807 4501 consa·

96 4527 168 4586 licet
190 4531 226 4588 dc
249 4532 415 4589 rationabili
439 4533 654 4591 examinatione
678 4539 707 4591 et
725 4533 924 4591 satisfaetione
973 4531 1319 4606 ,cardotibussivebonis
1332 4532 1809 4606 etjustisdssuopopulovelsua

96 4619 346 4693 presbyterorum,
363 4624 493 4696 tempore
508 4624 590 4680 bona
601 4624 748 4680 memoriae
764 4623 864 4679 domni
874 4639 924 4696 ge·
978 4620 1062 4693 plebe
1077 4620 1247 4677 bominibus
1263 4621 1406 4692 fueritne
1419 4621 1448 4678 in
1465 4621 1598 4691 crimine,
1611 4627 1662 4680 aut
1682 4624 1711 4679 in
1734 4642 1808 4699 prs-

96 4708 203 4766 nitoris
218 4711 276 4767 mei
292 4711 417 4784 Pippini,
433 4712 493 4768 sive
507 4712 612 4784 priscis
632 4711 841 4784 temporibusa
855 4728 923 4769 san·
979 4709 1056 4766 dicta
1071 4710 1237 4782 suspicione
1251 4716 1485 4778 remaneat,cum
1501 4712 1597 4770 tribus
1612 4714 1809 4788 autquinque

94 4796 153 4855 ctis
169 4797 306 4856 Patribus
321 4806 349 4856 et
361 4799 508 4873 arcliquis
523 4801 605 4857 bona
620 4799 781 4857 devotionis
799 4799 924 4891 homini·
977 4797 1019 4855 vel
1037 4802 1148 4871 septam
1164 4799 1249 4856 bonis
1265 4816 1298 4856 ac
1319 4799 1422 4856 vicinis
1447 4802 1651 4860 sacerdotibus
1676 4803 1808 4875 exemplo

92 4886 153 4943 bus
166 4886 327 4959 sepissime
337 4888 509 4946 ventilatum
519 4889 617 4958 fuerit,
629 4907 682 4946 nos
689 4894 786 4946 tamen
798 4888 923 4962 pleniter
978 4889 1083 4946 Leonis
1094 4907 1185 4962 papea,
1194 4889 1244 4962 qui
1259 4889 1414 4947 duodecim
1425 4892 1579 4966 episcopos
1591 4893 1621 4950 in
1632 4910 1686 4950 sua
1700 4908 1809 4964 purga·

93 4976 171 5035 etad
182 4975 920 5053 liquidumdiffrnitumreperircminimsquivimus.
976 4979 1055 5034 tione
1070 4979 1182 5046 habuit,
1193 4977 1238 5035 vel
1254 4996 1287 5035 eo
1297 4979 1436 5053 amplius,
1449 4981 1474 5038 si
1493 4999 1547 5039 suo
1558 4982 1693 5055 episcopo
1709 4978 1807 5036 visum

93 5063 211 5121 Nostris
222 5065 330 5141 quippe
340 5068 523 5141 temporibus
533 5069 688 5142 idipsuma
699 5067 923 5140 sanetisapisco·
977 5067 1075 5136 fuerit,
1085 5071 1137 5123 aut
1151 5084 1269 5125 necesse
1284 5074 1403 5142 propter
1412 5070 1574 5128 tumultum
1588 5067 1687 5142 populi
1699 5067 1729 5123 id
1740 5084 1808 5125 esse

92 5152 152 5228 pis,
164 5158 193 5212 et
204 5153 326 5229 reliquis
337 5158 549 5226 sacerdotibus,
559 5162 588 5214 et
602 5158 713 5215 ceteris
723 5156 925 5214 ecclesiastiea
942 5142 963 5208 ll
979 5156 1168 5230 perspexerit,
1178 5173 1245 5213 eum
1262 5157 1327 5215 aliis
1340 5160 1425 5217 bouis
1436 5165 1464 5217 et
1470 5159 1561 5232 justis
1580 5156 1762 5225 hominibus,
1774 5172 1805 5213 se

93 5240 249 5315 dignitatis
264 5244 421 5316 ministris,
438 5248 547 5303 nostris
562 5247 593 5302 in
608 5247 716 5321 regnis,
733 5262 785 5303 seu
809 5245 839 5301 in
859 5245 925 5305 aliis
979 5250 1161 5303 sacramento
1172 5263 1272 5303 corum
1290 5248 1397 5322 populo
1408 5265 1497 5320 super
1510 5250 1636 5320 quatuor
1651 5244 1808 5319 Evangelia

94 5331 284 5406 degentibus,
292 5334 437 5409 nobisque
453 5353 513 5392 una
528 5353 595 5392 cum
608 5336 650 5393 eis
662 5335 818 5408 agentibus
828 5336 925 5408 sapis·
980 5335 1058 5402 dato,
1074 5339 1233 5409 purgatum
1249 5335 1377 5395 ecelesiae
1393 5354 1465 5393 suus
1481 5335 1584 5392 reddat
1603 5332 1769 5407 episcopus.

94 5420 182 5490 sime,
200 5427 320 5497 propter
335 5425 444 5482 multas
460 5428 488 5482 et
498 5424 605 5482 nimias
615 5423 847 5493 reclamationes,
861 5441 924 5498 qus
1014 5424 1081 5482 Gir.
1100 5425 1147 5482 lV.
1163 5426 1257 5497 (ibid.)
1277 5427 1306 5484 Si
1332 5426 1398 5498 quis
1419 5429 1518 5482 autem
1547 5424 1622 5481 scire
1649 5423 1806 5496 desiderat,

94 5510 197 5568 exboc
212 5513 248 5569 ad
264 5530 319 5571 nos
333 5531 368 5571 cx
379 5513 502 5572 diversis
517 5514 651 5588 partibus
666 5517 817 5586 venerunt,
828 5516 924 5572 venti·
979 5513 1081 5587 quales
1090 5521 1275 5573 accusatores
1283 5531 1317 5570 ac
1327 5517 1416 5570 testas
1426 5514 1462 5569 ad
1478 5513 1696 5570 accusationem
1711 5529 1808 5570 sacar-

94 5599 192 5664 latum
207 5606 262 5664 cst.
280 5604 336 5664 Sed
351 5603 478 5683 qualiter
501 5602 638 5666 consultu
663 5603 764 5664 damni
788 5607 817 5663 st
830 5603 923 5668 Patris
979 5605 1081 5663 dotum
1096 5605 1186 5682 recipi
1196 5601 1449 5681 debcant,etquid
1465 5604 1501 5663 de
1515 5607 1686 5664 accusatore
1701 5601 1807 5662 lacien-
