3810 6098
96 317 155 394 i'l‘l
460 333 511 394 DE
532 333 916 398 PuAEousrluxrlonu
938 336 1197 402 utssuarxuto
1219 340 1449 406 Possumus.
1747 316 1812 411 1¹18*

95 460 157 523 dios
173 463 367 532 aderit.0uin
378 464 466 522 etiam
481 464 511 521 in
529 467 715 523 assumendis
728 468 864 526 fidelihus
880 469 925 525 lu·
940 445 1076 539 st'sancti
1092 473 1218 546 Spiritus
1234 475 1311 532 dona
1324 491 1376 548 per
1391 475 1607 549 impositionem
1621 496 1727 540 manus
1740 432 1830 557 cpi-'-

93 558 193 611 turum
209 570 276 611 esse
286 553 445 611 discrimen
457 554 596 624 ostendit,
609 571 675 611 cum
688 557 841 614 duobusin
854 575 923 632 agro
978 560 1103 632 scopulis
1118 566 1148 618 et
1162 563 1413 637 consignationem
1427 565 1501 621 sacri
1512 565 1679 626 chrismatis
1694 570 1724 626 in
1738 564 1816 628 con·'

94 642 197 723 positis
208 642 376 700 assumitur
386 647 510 710 unus,et
521 643 598 700 alius
609 644 794 718 relinquitur,
807 652 835 702 et
851 648 922 705 dua·
979 649 1143 706 firmatione
1159 651 1291 707 fidolium
1313 652 1428 709 coelitus
1450 651 1600 727 largiendo
1616 661 1717 715 sancta
1730 659 1803 717 cele-

94 730 341 820 husmolentihus
352 731 640 804 improbeturaltera‚
648 736 676 790 et
686 733 777 790 altera
786 735 923 809 eligatur,
978 737 1045 794 hrot
1053 742 1081 794 et
1092 739 1256 811 frequentat
1266 739 1511 798 Ecclesia.»Unde
1521 728 1816 804 beatushmhrosius

93 826 119 880 et
133 839 168 880 ex
182 819 302 877 duobus
317 818 368 893 qul
384 820 413 875 iu
436 819 509 876 leoto
528 824 624 889 erunt,
641 821 787 887 adhereat
802 841 880 880 uuus
895 828 924 881 et
978 827 1008 881 in
1020 826 1105 882 tertio
1121 826 1195 884 libro
1205 828 1241 883 de
1252 828 1450 884 Sacramentis
1461 832 1531 902 (cap.
1543 830 1568 904 1)
1581 829 1653 887 dicit
1664 847 1690 886 :«
1701 815 1817 905 Sequi·¹

94 903 168 997 alius
182 910 351 967 deseratur.
364 907 527 965 infidelium
541 909 619 965 enim
634 915 662 966 ot
677 910 808 995 fidelium
823 913 923 970 discri·
978 918 1026 972 tur
1041 914 1171 987 spiritale
1186 915 1384 990 signaculum,
1395 917 1473 989 quod
1496 918 1620 975 audistis
1635 919 1721 976 hodio
1735 919 1804 994 legi,

95 1016 159 1075 meu
176 998 208 1054 in
224 996 429 1070 relinquendis
439 995 505 1054 aliis
516 1002 544 1054 et
554 997 621 1053 aliis
632 1001 819 1057 assumendis
829 1001 922 1058 docet.
978 1003 1048 1076 quia
1058 1008 1124 1076 post
1133 1003 1243 1060 iontem
1255 1008 1388 1077 superest
1397 1010 1430 1061 ut
1439 1005 1576 1078 perfectio
1586 1008 1651 1077 fiat;
1664 992 1813 1081 quoniam

95 1086 144 1144 Dei
155 1085 237 1144 enim
253 1085 299 1142 ira
308 1083 538 1160 ingravescente,
550 1086 655 1153 sancti,
668 1092 699 1143 ut
714 1088 857 1161 Propheta
872 1088 923 1157 ait,
979 1093 1015 1148 ad
1031 1091 1243 1148 invocationem
1260 1093 1420 1149 sacerdotis
1436 1093 1563 1166 Spiritus
1578 1099 1699 1154 sanctus
1710 1096 1807 1165 infun,

95 1176 123 1232 ia
137 1173 354 1251 promptuariis
369 1174 573 1242 recondentur,
585 1174 688 1247 perlldi
704 1192 770 1232 vero
786 1178 821 1232 ad
836 1177 923 1234 cmle-
979 1177 1068 1244 ditur,
1080 1177 1202 1249 spiritus
1214 1178 1364 1250 sapientia
1376 1183 1405 1235 et
1419 1179 1594 1250 intellectus,
1607 1183 1729 1255 spiritus
1739 1201 1805 1242 con·

96 1264 147 1322 sus
167 1263 248 1338 iguis
272 1261 424 1319 materiem
450 1260 662 1335 relinquentur.
680 1269 756 1321 Duos
780 1265 870 1338 igitur
894 1265 923 1321 in
978 1265 1037 1323 silii
1053 1270 1141 1338 atque
1154 1266 1282 1335 virtutis,
1294 1266 1415 1339 spiritus
1425 1270 1601 1343 cognitionis
1613 1276 1700 1344 atque
1715 1262 1816 1347 pieta·¹

95 1359 173 1428 agro,
188 1351 221 1406 id
237 1352 283 1408 est
297 1351 372 1407 duos
387 1349 511 1424 populos
526 1350 657 1407 fidelium
672 1357 700 1408 et
714 1352 878 1410 inucetium
893 1354 923 1409 in
978 1354 1027 1419 tis,
1041 1353 1168 1427 Spiritus
1188 1354 1281 1410 sancti
1307 1355 1431 1411 timoris.
1449 1358 1565 1429 Septem
1582 1359 1666 1432 quasi
1680 1359 1817 1419 virtutes

94 1440 213 1510 seculo,
229 1444 373 1514 tanquam
389 1440 420 1495 iu
435 1439 498 1496 vita
514 1439 604 1512 hujus
619 1457 715 1514 opere,
730 1441 792 1499 dies
808 1442 924 1499 Domini
979 1445 1092 1498 suntet
1106 1458 1208 1499 omncs
1228 1442 1348 1515 quidem
1363 1444 1487 1502 virtutes
1502 1447 1538 1502 ad
1558 1448 1700 1521 Spiritum
1714 1449 1803 1522 perti·

94 1529 305 1605 deprehendet.
323 1529 544 1603 Soporahuutur
567 1535 677 1596 tamen,
695 1529 794 1587 relicto
820 1530 876 1588 alio
896 1534 925 1587 et
979 1534 1071 1586 nent:
1089 1531 1139 1586 sod
1156 1531 1217 1587 ista
1234 1532 1317 1604 quasi
1334 1533 1507 1602 cardinales,
1523 1536 1608 1607 quasi
1627 1533 1813 1610 principales

93 1621 148 1704 alio
160 1622 329 1693 assumpto.
342 1617 383 1675 De
394 1616 571 1674 molentibus
581 1636 696 1691 quoquo
711 1635 764 1691 par
779 1619 852 1676 ratio
867 1625 922 1676 est.
979 1619 1041 1674 istm
1058 1624 1127 1674 sunt
1142 1623 1253 1692 septem
1269 1619 1400 1687 virtutes,
1416 1638 1489 1693 quas
1504 1624 1612 1696 accipis
1628 1625 1745 1697 quando
1763 1626 1803 1683 si-

93 1710 173 1768 Mola
181 1726 260 1782 opus
275 1707 350 1781 legis
364 1710 417 1764 est.
433 1707 488 1764 Sed
505 1707 575 1779 quia
597 1724 666 1779 pars
687 1707 868 1776 iudeorum,
887 1714 919 1765 ut
978 1708 1089 1780 gnaris.
1101 1708 1222 1775 Nam,ut
1232 1708 1439 1780 aithpostolus
1450 1715 1580 1779 sanctus,
1594 1711 1807 1786 quiamultifor·

92 1798 141 1873 p'er
152 1796 306 1871 apostolos
319 1795 453 1866 credidit,
463 1795 504 1851 ita
525 1811 577 1868 per
590 1794 684 1851 Eliam
700 1799 745 1851 ost
760 1794 919 1865 credituro,
970 1799 1033 1867 ¹mis
1047 1805 1087 1853 est
1097 1798 1232 1869 snpientia
1241 1798 1352 1853 Domini
1360 1800 1458 1865 nostri,
1468 1807 1493 1855 ct
1506 1801 1684 1872 inultisormis
1698 1803 1813 1875 sapien

92 1886 120 1947 el
128 1886 328 1961 justificanda
338 1901 391 1957 per
401 1883 488 1940 ddum
500 1888 545 1940 est
557 1901 563 1939 :
577 1884 641 1940 ideo
652 1901 712 1940 una
724 1901 776 1957 per
791 1886 926 1943 eamdem
982 1887 1021 1942 tia
1035 1887 1085 1942 Dei
1096 1885 1205 1958 (Epirus.
1218 1902 1261 1951 ur,
1273 1888 1317 1954 10,
1333 1886 1375 1942 ita
1399 1886 1588 1943 multiformis
1612 1892 1657 1944 est
1680 1874 1809 1962 Spiritus

92 1977 179 2034 sidem
194 1974 266 2032 honi
282 1972 379 2046 operis
390 1971 635 2045 apprehendetur,
648 1972 705 2029 alia
715 1990 783 2029 vero
797 1973 826 2029 in
838 1973 928 2031 infru·
982 1978 1112 2041 sanctus,
1129 1973 1180 2046 qui
1209 1973 1317 2030 haheat
1344 1974 1475 2032 divorsas
1500 1976 1654 2049 variasque
1675 1966 1812 2034 virtutes.¹

95 2071 196 2123 ctuoso
212 2063 290 2137 legis
305 2077 392 2135 opere
411 2060 603 2133 relinquetur,
622 2059 735 2117 molens
751 2062 781 2116 in
796 2078 926 2132 cassum,
983 2062 1064 2119 Unde
1072 2060 1501 2135 Dcusvirtutumdicitur‚quod
1513 2048 1606 2135 aptari
1618 2066 1713 2134 potest
1720 2051 1813 2133 Patri,

97 2155 288 2225 coniectura
307 2149 434 2207 ooelcstis
450 2149 507 2205 eibi
530 2165 647 2222 panem.
659 2149 721 2205 Duo
737 2154 835 2206 autem
859 2155 929 2208 sunt
982 2153 1011 2205 et
1022 2148 1140 2214 Filio,ol
1150 2148 1273 2221 Spiritui
1285 2154 1416 2205 sancto.»
1428 2151 1462 2205 Ε)
1476 2156 1597 2207 sanctus
1608 2137 1764 2225 Gregorius
1778 2152 1809 2210 in

98 2245 126 2299 in
135 2242 224 2314 lecto,
236 2240 373 2298 eamdem
385 2237 531 2312 passionis
541 2237 698 2294 Dominiom
710 2238 839 2311 requiem
856 2257 928 2315 prie-
983 2236 1057 2292 libro
1073 2235 1228 2292 Moralium
1244 2254 1318 2292 xxxv
1329 2230 1426 2309 (copi
1439 2255 1463 2294 t«
1479 2238 1608 2296 loannes
1628 2243 1740 2313 septem
1755 2241 1810 2298 Ee-

97 2331 238 2398 dicaates,
251 2328 331 2386 eirca
346 2344 436 2401 quam
456 2329 485 2384 et
506 2326 710 2383 hereticorum
726 2330 755 2383 et
769 2328 929 2386 catholico·
983 2325 1080 2381 clesiis
1095 2324 1125 2379 in
1140 2324 1313 2398 Apocalypsi
1339 2325 1458 2398 scripsit
1477 2327 1568 2399 (dpoc.
1582 2343 1602 2395 r,
1615 2329 1653 2397 l),
1671 2344 1722 2401 per
1736 2345 1812 2401 quas

100 2419 281 2477 rumeadem
291 2421 381 2489 atque
395 2432 455 2471 una
465 2415 609 2472 consessio
619 2420 674 2472 est.
686 2416 742 2472 Sed
758 2415 824 2489 quis
836 2418 930 2475 uuita·
983 2412 1177 2470 universalem
1200 2412 1360 2470 Dcolosiom
1382 2414 1504 2487 intelligi
1516 2414 1618 2472 voluit.
1631 2419 1698 2484 Qua
1723 2414 1811 2473 nimi·

100 2515 155 2565 um
166 2507 267 2565 Patris
277 2509 306 2563 et
316 2501 394 2575 Filii,
405 2509 433 2561 et
442 2518 628 2560 communem
644 2521 746 2560 eorum
759 2504 927 2573 theoteiam,
983 2521 1048 2559 rum
1061 2499 1233 2558 universalis
1243 2501 1373 2558 Ecclesia
1383 2507 1416 2557 ul
1425 2504 1511 2575 plena
1520 2503 1701 2576 septiformis
1711 2506 1811 2580 gratias

102 2614 188 2672 quam
204 2594 348 2652 deitatem
363 2599 582 2665 nuncupamus,
598 2591 807 2649 catholicorum
823 2593 929 2648 veritas
983 2591 1088 2665 spiritu
1113 2590 1288 2664 signaretur,
1304 2590 1427 2647 Diismus
1452 2608 1541 2664 super
1564 2598 1714 2651 mortuum
1739 2610 1810 2668 pue·

101 2676 314 2760 predicantes
322 2682 455 2739 eamdem
467 2698 585 2737 rursum
596 2679 732 2753 plurimis
742 2681 930 2757 contumeliis
983 2696 1049 2736 rum
1060 2678 1168 2753 septies
1179 2678 1320 2735 oscitasse
1330 2679 1515 2735 describitur.
1528 2676 1622 2755 Super
1631 2678 1810 2741 exstinctum

102 2773 305 2832 hereticorum
317 2769 432 2827 talsitas
442 2769 635 2843 impugnavit,
649 2769 757 2827 idcirco
767 2787 801 2826 ex
814 2770 931 2827 duobus
983 2769 1091 2840 quippe
1117 2765 1259 2840 populum
1276 2767 1418 2824 Dominus
1445 2769 1564 2825 veniens
1588 2771 1673 2842 quasi
1702 2770 1810 2844 septies

103 2863 130 2920 iu
144 2863 220 2920 lecto
236 2859 316 2916 alius
331 2858 521 2931 relinquetur,
531 2862 560 2914 et
570 2857 646 2915 alius
662 2864 848 2915 assumetur:
861 2859 931 2932 quia
984 2855 1176 2927 oscitat,quia
1185 2854 1211 2912 ei
1223 2854 1299 2912 dona
1311 2855 1438 2928 Spiritus
1454 2858 1634 2928 septiformis
1647 2860 1747 2932 gratita
1758 2860 1811 2917 mi·

104 2952 186 3009 fldem
203 2948 403 3008 confessionis
419 2946 571 3021 utriusque
584 2947 613 3002 in
627 2964 686 3003 uno
701 2949 890 3015 assumendo,
902 2951 931 3004 ct
984 2943 1169 3002 sericorditor
1183 2943 1303 3016 aspirat.
1320 2946 1355 3000 ht
1369 2943 1494 3000 haretici
1511 2949 1601 3017 atquo
1615 2945 1645 3001 hi
1661 2947 1712 3020 qui
1728 2956 1811 3020 aequo

104 3041 155 3098 alio
171 3038 380 3113 relinquendo,
397 3036 486 3092 divini
502 3036 614 3093 arbitrii
632 3037 779 3109 judicium
794 3054 929 3110 compro·
984 3032 1227 3091 extraecclesiam
1238 3032 1325 3105 positi
1339 3036 1525 3100 sunt,reatus
1538 3032 1583 3090 sui
1595 3034 1810 3092 ahsolutionem

106 3130 191 3187 habit.
206 3152 222 3180 »
984 3140 1041 3180 non
1058 3121 1215 3194 accipiunt,
1232 3120 1288 3176 nisi
1308 3121 1407 3192 gratim
1428 3121 1607 3194 septiformis
1621 3119 1727 3196 spiritu
1742 3124 1812 3181 uni&

134 3219 216 3276 Unde
226 3214 393 3291 praemissis
404 3213 544 3287 exemplis
554 3213 739 3287 apertissime
750 3200 1086 3271 demonstra-dvorsatr
1110 3209 1184 3283 paci,
1202 3227 1219 3264 a
1234 3224 1293 3281 qua
1316 3210 1403 3265 excisi
1429 3211 1553 3280 fuerant,
1571 3211 1777 3285 aggregentur.
1795 3235 1811 3264 »

105 3312 154 3375 tur,
167 3306 241 3380 quia
255 3304 320 3361 hec
332 3303 383 3359 Dei
400 3303 616 3376 praedestinatio
632 3303 673 3359 ita
687 3307 764 3360 recto
778 3320 866 3361 sensu
882 3321 930 3377 po·
983 3299 1039 3357 Sed
1055 3304 1084 3356 et
1099 3299 1202 3354 beatus
1218 3297 1326 3354 Paulus
1338 3296 1409 3354 dicit
1421 3315 1427 3354 :
1440 3300 1495 3355 dlii
1509 3299 1591 3356 datter
1603 3300 1692 3358 semro
1705 3304 1812 3375 sapien·

105 3402 153 3453 test
166 3394 290 3470 gemina
307 3391 378 3458 dici,
392 3407 449 3447 non
465 3408 522 3463 quo
538 3408 572 3448 ea
592 3391 656 3464 ipsa
675 3392 929 3464 predestinatione
983 3391 1040 3460 tiu,
1052 3389 1104 3444 clii
1118 3403 1206 3444 sermo
1221 3388 1350 3454 scientim,
1363 3391 1391 3442 et
1406 3392 1507 3443 catera
1523 3390 1703 3461 usquedum
1721 3390 1810 3448 dicit:
1879 3432 1882 3439 .

105 3485 139 3541 sic
153 3480 409 3558 praedestinentur
422 3479 536 3552 reprobi
547 3478 755 3547 adiutorium,
769 3481 845 3536 sicut
858 3498 928 3553 prae·
983 3479 1048 3535 limo
1061 3485 1152 3533 suurn
1166 3478 1259 3532 omnic
1274 3483 1403 3547 operatur
1417 3492 1489 3531 rentes
1505 3485 1586 3550 atque
1600 3477 1672 3534 idem
1685 3481 1810 3552 spiritate,

105 3573 292 3630 destinantur
305 3567 389 3625 electi
413 3568 554 3623 advitam
571 3583 577 3626 :
595 3569 646 3624 sed
661 3568 731 3641 quia
756 3568 856 3625 electis
881 3570 931 3625 dat
984 3560 1107 3622 diuidens
1131 3566 1250 3636 sinpulis
1273 3572 1354 3636 prout
1376 3565 1434 3620 vult
1455 3565 1480 3637 (1
1493 3565 1553 3622 Cor.
1569 3583 1619 3632 xu,
1635 3568 1719 3637 811).
1736 3568 1810 3624 Nam

89 3728 92 3732 ,
105 3659 282 3736 gratiaquod
294 3674 354 3713 nou
366 3660 494 3713 meretur
504 3656 625 3724 malitia,
636 3656 750 3713 relectis
759 3662 857 3713 autem
868 3657 930 3714 red·
984 3657 1062 3715 sicut
1072 3656 1144 3711 ssdes
1154 3671 1229 3727 opus
1239 3658 1283 3710 est
1297 3653 1347 3709 Doi
1355 3655 1441 3726 juxta
1450 3655 1647 3726 evangelicam
1659 3653 1811 3712 veritatem

105 3751 141 3807 dit
154 3749 284 3823 equitas
295 3745 373 3819 quod
390 3750 519 3802 meretur
532 3742 684 3817 iniquitas.
697 3746 752 3802 Sed
763 3751 791 3802 et
802 3745 931 3802 eharita-
985 3764 1049 3820 quae
1065 3745 1136 3800 dicit
1153 3762 1159 3800 :
1176 3745 1229 3799 lior
1252 3751 1291 3799 ost
1314 3751 1405 3798 autem
1432 3759 1499 3814 opus
1523 3744 1579 3812 Dei,
1597 3753 1628 3801 ut
1649 3744 1764 3801 credatis
1780 3746 1811 3800 in

106 3842 167 3907 tem,
177 3855 247 3910 quae
274 3851 335 3891 una
357 3837 412 3901 est,
427 3834 496 3906 quia
509 3833 586 3890 Deus
601 3835 730 3890 charitas
752 3840 807 3906 est,
818 3853 882 3906 qua
899 3837 932 3889 ut
984 3852 1046 3892 curn
1061 3851 1140 3907 quern
1154 3833 1231 3887 misit
1247 3832 1294 3887 illc
1306 3834 1398 3900 (loun.
1410 3849 1449 3896 vr,
1461 3831 1516 3902 29),
1529 3831 1569 3887 ita
1584 3837 1613 3888 et
1627 3831 1744 3905 reliqua
1756 3832 1812 3888 vir-

106 3923 758 3996 clomnedatumoptimum,etomnedonum
770 3923 930 3996 perfectum
985 3929 1063 3995 tutes
1079 3924 1114 3980 ad
1129 3923 1273 3978 donorum
1296 3921 1473 3977 charismata
1497 3920 1596 3977 divina
1620 3927 1689 3978 sunt
1712 3938 1810 3995 opera,

107 4015 285 4073 descendens
300 4029 319 4068 a
332 4011 417 4067 Patre
432 4010 580 4066 luminum
591 4016 649 4079 est,
662 4029 720 4067 non
731 4012 826 4067 solum
842 4011 932 4084 gemi-
986 4032 1049 4086 quae
1066 4017 1135 4069 tunc
1148 4028 1182 4067 cx
1195 4010 1244 4066 Dei
1261 4009 1519 4081 predestinatione
1529 4010 1681 4066 elice-tibus
1691 4028 1812 4084 operum

107 4120 168 4159 uam
182 4102 257 4159 dicit
267 4101 374 4157 heatus
390 4099 666 4172 Gregorius,verum
688 4101 764 4156 m
782 4104 811 4156 et
831 4100 866 4155 de
881 4115 931 4155 ea·
986 4102 1191 4167 ostenduntur,
1217 4114 1284 4154 cum
1313 4097 1449 4170 largitate
1478 4098 1617 4154 bonitatis
1645 4098 1813 4156 divitiarum

108 4193 167 4249 dem
182 4191 321 4248 scribens
331 4188 452 4244 :«Sicut
466 4203 500 4243 ex
516 4205 583 4256 una,
600 4188 706 4260 inquit,
724 4187 820 4244 radice
844 4187 931 4243 multi
986 4192 1061 4263 ejus,
1073 4189 1122 4262 qui
1134 4188 1268 4243 divosost
1280 4187 1310 4241 in
1322 4186 1471 4253 omnihus,
1484 4202 1535 4258 pro
1548 4204 1603 4242 sua
1613 4186 1815 4243 misericordia

108 4280 215 4337 arboris
240 4275 317 4333 rami
344 4277 501 4349 prodeunt,
517 4276 557 4332 ilc
571 4281 600 4332 el
615 4293 649 4330 ex
675 4293 734 4332 una
760 4276 931 4332 charitalem
986 4286 1015 4338 et
1025 4278 1173 4335 voluntate
1182 4276 1353 4333 hominihus
1365 4276 1400 4331 ad
1412 4274 1593 4332 credentium
1605 4274 1761 4331 utilitatem
1773 4275 1814 4330 di·

108 4368 200 4424 muliae
212 4367 336 4423 virtutes
346 4370 533 4438 generantur·
544 4366 579 4420 Ei
589 4364 624 4419 de
637 4369 738 4420 sancio
749 4365 870 4437 Spiritu,
882 4364 932 4437 qui
987 4369 1184 4434 strihuuutur,
1197 4365 1273 4421 sicut
1285 4363 1355 4420 dicit
1369 4362 1525 4436 Apostolus
1542 4381 1548 4418 :
1569 4365 1720 4437 llntruipoc
1732 4363 1814 4420 datur

109 4475 180 4513 uuus
196 4461 252 4524 est,
265 4461 295 4510 ot
308 4454 368 4510 duo
378 4457 448 4510 sunl
463 4453 593 4526 ejusdem
606 4453 698 4508 sancti
713 4454 841 4526 Spiritus
852 4454 931 4522 data,
987 4457 1063 4515 1Ιὸ
1083 4456 1268 4527 manifestatio
1290 4455 1405 4525 spiritus
1429 4451 1464 4507 ad
1488 4452 1633 4508 utilitatem
1647 4452 1671 4524 (l
1683 4455 1745 4510 dor.
1762 4469 1813 4524 xu,

110 4563 170 4602 oum
186 4544 253 4601 laus
264 4542 418 4617 sapientiae
429 4541 606 4598 describitur
620 4540 650 4597 in
667 4541 803 4614 libroqui
814 4543 932 4598 nomine
948 4550 1025 4633 ⁰7).
1042 4546 1075 4602 Hi
1092 4545 1170 4600 onim
1185 4558 1287 4600 omnes
1298 4540 1394 4612 operis
1410 4538 1498 4595 divini
1515 4541 1635 4597 allectus
1650 4540 1685 4597 ad
1701 4541 1814 4599 donum

112 4628 260 4706 Sapientia
273 4630 420 4698 titulatur,
434 4633 590 4702 postquam
607 4629 717 4685 dictum
733 4635 777 4686 est
793 4647 799 4686 :
815 4631 934 4704 Spiritus
989 4634 1087 4708 gratim
1104 4631 1247 4705 portinere
1265 4631 1437 4684 noscuntur.

114 4722 214 4778 honuni
242 4720 359 4793 repleuit
385 4719 479 4775 oriem
501 4718 933 4792 terrarum(Sop.1,7)‚adJun·
1304 4733 1420 4790 cgpqtp
1439 4734 1496 4789 xx,

114 4813 244 4866 0111111981
261 4825 267 4863 ἓ
282 4808 329 4863 5³¹
352 4809 430 4863 mim
459 4807 518 4875 mih
535 4806 606 4879 quin
631 4806 774 4878 811ΡῙθΠῑῙ11
791 4824 798 4862 ²
815 4807 935 4880 3111111113
991 4830 1113 4898 Qualiter
1124 4826 1244 4896 intelligi
1258 4823 1350 4879 riebeot
1365 4822 1435 4895 qnod
1446 4823 1537 4879 lectus
1551 4823 1695 4895 Gregorius
1707 4807 1817 4896 plurali

116 4898 267 4966 inuitatus,
283 4898 401 4970 spiritus
420 4897 528 4963 uniens,
544 4896 700 4966 neultiplae,
717 4896 836 4962 subtilis,
852 4897 938 4953 ntolri·
1155 4912 1268 4952 nurnero
1280 4895 1534 4968 proerlestinntioues
1547 4899 1647 4967 posuit.

117 4987 152 5055 lis,
167 4989 316 5055 hunuanus,
333 4984 442 5041 stabilis
458 4985 533 5056 (Sap.
544 5002 595 5050 vn,
605 4984 662 5055 22).
675 4983 728 5051 Qui
747 4989 842 5040 tamen
858 5003 936 5042 unus
1026 4990 1132 5044 Beatus
1147 4985 1233 5042 etiam
1247 4982 1404 5057 Gregorius
1415 4984 1535 5039 ollactus
1551 4982 1814 5056 praedestinationis

117 5092 169 5135 esse
179 5094 236 5134 noo
249 5073 459 5132 dubitaturllt
470 5072 577 5130 dicitur
586 5072 691 5128 unicus
702 5071 772 5144 quia
781 5072 936 5144 indivisus,
990 5079 1040 5135 Dei
1053 5078 1082 5132 in
1093 5076 1167 5132 libro
1177 5073 1331 5130 Moralium
1339 5074 1503 5145 xxvrnlrcp.
1514 5075 1558 5141 18)
1568 5070 1672 5145 plurali
1681 5085 1814 5141 numero,

119 5166 258 5240 multiplex
284 5181 364 5237 vero,
385 5162 527 5237 quoniam
556 5162 585 5217 in
612 5161 755 5217 virtutum
784 5163 935 5220 effectibus
990 5164 1216 5239 dispositionum
1234 5155 1814 5233 scilicetetprmdestinationum,nomi-

120 5253 306 5312 multiformis.
320 5255 356 5310 Et
373 5253 403 5307 in
420 5252 571 5325 prophetia
586 5251 677 5318 isaim,
690 5268 779 5322 quam
795 5252 935 5309 Dominus
991 5256 1078 5321 navit,
1096 5254 1196 5309 dicens
1209 5268 1233 5306 2«
1246 5249 1395 5309 Ordinem.
1408 5250 1513 5321 inquit,
1528 5248 1591 5302 cicli
1607 5261 1692 5301 nosse
1706 5249 1751 5300 est
1765 5262 1815 5300 su·

121 5342 141 5399 io
153 5343 305 5418 Evangelio
325 5344 357 5399 in
374 5342 472 5414 seipso
488 5343 645 5398 montreuil
664 5359 727 5397 esse
748 5341 933 5414 completam,
990 5360 1149 5419 pernarum
1164 5339 1389 5412 dispositionum
1402 5337 1531 5392 occultas
1547 5332 1817 5406 predestinationis

120 5430 211 5491 dicitur
221 5453 227 5491 :
239 5434 365 5509 Spiritus
379 5434 558 5507 sopientioeet
572 5433 733 5499 intellectus,
746 5434 860 5504 spiritus
875 5451 936 5490 corr·
989 5435 1085 5491 videre
1102 5449 1108 5487 :
1127 5432 1270 5487 rationem
1295 5445 1362 5482 sero
1377 5428 1441 5497 ejus
1457 5425 1485 5479 iu
1503 5429 1609 5478 terram
1636 5437 1743 5494 ponere
1758 5427 1815 5493 est,

121 5523 167 5579 tilii
178 5532 203 5580 et
214 5523 402 5596 fortitudinis,
418 5522 542 5578 scientim
554 5529 580 5577 ct
592 5523 713 5593 pictatis,
729 5529 754 5577 et
766 5523 880 5593 spiritus
896 5525 934 5578 ti·
989 5529 1056 5581 ante
1071 5523 1202 5578 humana
1217 5517 1305 5573 corda
1320 5514 1422 5571 taliam
1439 5514 1615 5567 secretorum
1629 5527 1734 5567 causas
1750 5527 1817 5584 ape-

104 5615 188 5673 lletis
214 5614 327 5672 Domini
343 5611 418 5680 (lca.
435 5627 473 5679 xi,
489 5613 520 5665 2:
539 5611 601 5665 Luc.
619 5628 657 5678 ιν,
673 5611 734 5679 21);
752 5627 816 5681 quae
841 5611 934 5683 ipsius
990 5614 1057 5669 rire.
1069 5635 1083 5663 n
1096 5613 1131 5667 El
1146 5607 1233 5682 paulo
1248 5609 1314 5678 post
1333 5600 1441 5658 multos
1457 5599 1577 5655 allectus
1601 5598 1691 5656 divini
1716 5600 1814 5672 operis
