3810 6098
141 275 213 336 tea
657 279 708 338 DE
732 278 810 340 Una
832 279 883 338 ET
906 279 984 338 NON
1006 279 1125 339 'llllNA
1148 282 1331 345 anteana.
1786 295 1846 353 tat

142 404 247 472 nilum,
264 407 340 463 m
358 405 408 479 qni
434 409 500 463 ante
515 407 615 463 omnia
635 407 742 464 saecula
765 426 799 464 ex
825 426 858 464 co
881 413 968 464 uatus
982 409 1010 476 Α
1025 410 1280 468 fectumeumdcm
1293 414 1321 468 in
1334 415 1702 486 humanitate,Dcnmvere
1713 424 1848 480 ethemi-

143 499 191 562 est,
209 512 313 551 verum
330 497 421 551 Deum
443 497 478 551 de
502 496 559 552 Deo
575 514 652 564 voret,
668 497 768 552 lumen
784 498 820 553 de
844 497 986 562 lumina·
1023 516 1090 554 nem
1107 518 1171 554 vere
1188 503 1324 557 eumdem
1347 520 1381 558 cx
1404 505 1502 560 anima
1519 508 1650 564 rationali
1667 516 1695 566 et
1714 529 1847 586 corpure,

144 588 240 639 natum
259 602 317 639 nan
341 585 461 651 lactum,
478 585 756 641 consubstantialem
774 587 861 653 Patri,
879 585 968 640 idest
1022 590 1301 645 consubstantialem
1318 592 1392 646 Patri
1406 596 1566 650 secundnm
1578 598 1727 669 deitatem,
1740 606 1846 659 etcon·

143 673 272 744 ejusdem
289 690 357 728 cum
384 673 466 729 Patre
490 674 672 741 substantia,
690 691 741 746 per
760 692 847 748 quem
868 674 968 730 omme
1022 677 1247 735 substantialem
1264 681 1348 736 nabis
1364 683 1527 738 secundum
1544 684 1772 744 humanitatem.
1787 692 1847 747 »Et

142 761 212 816 lacta
228 765 378 834 suntque
395 762 425 816 in
440 761 510 817 coelo
530 767 559 817 et
578 779 642 835 quar
659 764 687 819 iu
705 769 781 819 terra
793 781 799 819 :
812 768 840 819 ct
855 763 885 818 in
902 762 966 836 Spi-
1022 767 1063 821 sie
1079 766 1220 823 catholice
1236 784 1329 841 usque
1345 771 1380 825 ad
1399 772 1486 826 finem
1502 779 1718 843 percurrentem
1736 793 1846 833 sermo·

140 849 227 905 ritum
244 855 382 906 sanctum
399 851 552 907 dominum
568 856 597 908 et
609 852 827 918 vivificatorem,
839 870 872 908 ex
884 852 967 907 Patre
1022 871 1087 910 nem
1101 857 1754 932 confirmaveruntetsubscripseruntccntnm
1764 865 1849 935 quin·

136 940 356 1012 procedentem,
368 957 435 996 cum
452 939 535 996 Patre
557 945 585 996 et
609 941 681 996 Filia
706 942 923 997 coadorandum
939 942 968 997 et
1021 944 1162 1017 quaginta
1176 944 1315 1019 episcopi,
1328 947 1457 1002 dicentes
1470 964 1498 1002 :u
1512 949 1562 1004 His
1579 950 1668 1023 igitur
1684 967 1749 1006 cum
1767 953 1846 1008 onrni

135 1028 421 1102 conglorificandum
439 1047 446 1085 :
463 1029 624 1085 trinitatem
642 1031 671 1085 in
687 1031 809 1096 unitate,
823 1034 851 1086 et
870 1030 966 1085 unita·
1021 1032 1151 1105 undique
1166 1034 1279 1090 cautela
1294 1039 1381 1107 atque
1401 1036 1554 1108 diligentia
1570 1056 1587 1094 a
1602 1039 1687 1094 nobis
1703 1041 1847 1109 sarmatis,

129 1122 193 1174 tem
209 1117 241 1174 in
254 1118 396 1188 trinitate,
411 1118 555 1174 unitatem
567 1119 686 1192 qrridem
699 1119 842 1187 essentie,
855 1118 967 1175 trinita·
1021 1121 1183 1178 diffinimus
1195 1122 1283 1179 aliam
1295 1123 1381 1179 fidem
1393 1124 1468 1180 nulli
1479 1125 1564 1181 licere
1580 1129 1708 1199 proferre
1718 1135 1769 1186 aut
1778 1147 1847 1186 con·

126 1212 194 1264 tem
210 1224 280 1263 vcro
295 1224 499 1280 personarum,
512 1208 571 1264 siva
592 1209 860 1264 subsistentiarum.
872 1207 966 1264 Deum
1021 1210 1158 1275 scribere,
1171 1228 1379 1284 componereve
1398 1218 1449 1269 aut
1473 1231 1584 1287 sapere,
1597 1216 1641 1273 vel
1660 1219 1748 1275 etiam
1764 1218 1848 1275 aliter

121 1296 251 1352 Patrem
268 1296 454 1367 confitentes,
471 1297 562 1352 Deum
580 1296 697 1363 Filium,
714 1297 805 1353 Deum
821 1295 965 1368 Spiritum
1020 1299 1133 1355 docere.
1146 1300 1199 1366 Qui
1215 1318 1280 1357 vero
1301 1303 1542 1374 presumpserint
1556 1304 1643 1359 fidem
1664 1306 1786 1363 alteram
1802 1306 1845 1364 vel

119 1385 681 1442 sanetumNontresdeossednnum
694 1386 966 1453 Deum,Patremet
1020 1388 1262 1460 componere,vel
1293 1390 1431 1461 proferre,
1452 1391 1495 1446 vel
1521 1391 1693 1460 docerc,vel
1719 1396 1846 1466 tradere,

117 1473 244 1531 Filium
260 1477 289 1530 ct
304 1473 446 1546 Spiritum
460 1478 595 1531 sanctum
609 1493 615 1530 :
630 1493 686 1531 non
702 1475 793 1530 trium
811 1473 982 1530 nominum
1020 1480 1072 1531 aut
1092 1476 1257 1549 symbolum
1272 1477 1439 1535 volentibus
1454 1480 1581 1536 converti
1605 1483 1641 1537 ad
1667 1483 1845 1556 agnitionem
1868 1532 1873 1548 ,

109 1561 370 1632 subsistentiam,
396 1564 446 1618 sed
471 1563 560 1618 trium
590 1563 848 1619 subsistentiarum
875 1579 964 1619 unam
1018 1564 1150 1619 veritatis
1175 1582 1209 1620 cx
1238 1565 1411 1638 gentilitate,
1427 1566 1471 1623 vel
1497 1585 1530 1624 ex
1554 1569 1718 1639 Judaismo,
1736 1576 1787 1627 unt
1813 1590 1846 1630 ex

106 1670 141 1707 s
152 1651 347 1716 obstantiam,
360 1668 485 1724 qnorum
499 1669 558 1708 nna
568 1653 706 1717 essentia,
716 1652 775 1708 siva
786 1651 963 1718 substantia,
1019 1652 1150 1724 qualibet
1160 1653 1337 1720 haerescunt
1352 1655 1402 1727 qui
1419 1656 1578 1718 novitatem
1589 1658 1667 1714 vocis
1678 1659 1721 1714 vel
1735 1676 1846 1717 sermo·

101 1740 179 1795 vel
199 1745 316 1808 natura,
333 1740 363 1795 id
387 1746 432 1796 est
455 1759 516 1796 una
530 1741 633 1807 deitas,
646 1759 705 1797 una
730 1740 888 1807 eternitas,
905 1757 965 1797 nna
1019 1741 1066 1796 nis
1088 1742 1333 1823 adinventionem,
1350 1745 1386 1799 ad
1411 1745 1629 1802 subversionem
1654 1764 1755 1804 eorum
1780 1765 1845 1822 qna

97 1833 377 1903 potestas,unnm
392 1829 628 1902 imperium,una
641 1829 812 1904 gloria,una
823 1829 964 1894 adoratio,
1023 1848 1100 1887 nune
1115 1849 1133 1887 u
1147 1833 1232 1888 nobis
1247 1833 1440 1889 determinata
1454 1839 1524 1890 sunt
1537 1834 1731 1905 introducere,
1744 1837 1808 1903 hos,
1819 1837 1843 1895 si

96 1937 195 1977 uua
215 1917 383 1976 essentialis
398 1924 506 1975 sanate
533 1923 562 1976 et
585 1918 790 1992 inseparabilis
814 1918 966 1975 Trinitatis
1021 1920 1138 1992 quidem
1164 1920 1291 1993 episcopi
1316 1921 1424 1979 tuerint
1446 1927 1498 1978 aut
1520 1923 1626 1992 clerici,
1643 1924 1753 1981 alienos
1780 1940 1845 1982 essa

86 2010 270 2067 voluntas
281 2011 310 2065 et
324 2008 464 2081 operatio,
475 2024 538 2080 qua
550 2008 649 2064 omnia
663 2007 967 2079 condidit,dispensat
1020 2007 1172 2080 episcopos
1191 2008 1227 2065 ab
1247 2009 1427 2082 episcopatu,
1444 2010 1563 2068 elericos
1582 2029 1649 2068 vero
1665 2030 1682 2068 a
1700 2011 1778 2069 clero
1795 2030 1801 2070 :
1819 2012 1845 2070 si

83 2111 138 2150 e
149 2096 410 2164 taontinet.»0ure
426 2097 623 2166 ita,utverbis
635 2100 754 2152 utamur
770 2095 863 2169 ipsius
878 2100 965 2152 sexta
1019 2100 1118 2152 autem
1135 2096 1269 2151 monachi
1290 2097 1398 2152 tuerint
1412 2096 1456 2152 vel
1475 2096 1551 2166 laici,
1564 2099 1653 2154 ctiam
1673 2099 1844 2156 anathema·

83 2186 328 2260 synodicum
345 2183 475 2259 quinque
491 2188 558 2241 ante
572 2184 682 2241 habitis
703 2185 813 2241 sanatis
832 2183 964 2241 conciliis
1019 2183 1100 2239 tizari
1125 2201 1185 2240 eos.
1198 2207 1211 2234 u
1223 2186 1254 2240 Et
1276 2186 1511 2259 subscriptiones:
1528 2187 1699 2244 'l'beodorus
1723 2188 1845 2247 humilis
1867 2221 1869 2225 >

84 2274 361 2343 predicabiliter
379 2272 591 2346 receptissima,
604 2277 633 2328 et
652 2272 891 2346 irrefragabiliter
905 2288 964 2328 cro·
1017 2274 1168 2347 presbyter
1183 2280 1289 2331 sancta
1310 2275 1445 2331 Romanae
1466 2276 1610 2345 Ecclesia,
1623 2277 1719 2333 locum
1739 2294 1844 2351 gerens

81 2361 961 2437 dendaatquetenenda,inactionalssconfirmatasunt:
1016 2362 1178 2436 agathonis
1202 2367 1246 2418 ter
1273 2363 1436 2419 beatissimi
1453 2364 1625 2421 universalis
1654 2383 1735 2440 papa
1761 2367 1845 2423 urbis

84 2470 134 2500 «ε
161 2453 302 2509 Excitavit
312 2452 412 2527 igitur,
422 2451 560 2525 inquiens
571 2457 652 2508 sexta
662 2451 792 2524 synodus
802 2451 912 2522 (synodi
923 2469 960 2520 vr,
1018 2451 1115 2507 Roma
1131 2451 1302 2524 subscripsi.
1316 2454 1351 2508 nt
1366 2453 1503 2525 deinceps
1517 2454 1709 2526 perordinem
1721 2454 1841 2529 singuli.

78 2550 185 2598 act.
200 2544 257 2612 18),
269 2541 404 2598 Christus
414 2541 492 2599 Deus
503 2545 603 2598 noster
612 2539 816 2596 fidelissimum
833 2539 961 2612 impera·
1015 2540 1051 2595 nt
1060 2557 1111 2612 per
1121 2540 1360 2596 acclamationem
1374 2557 1454 2596 more
1468 2559 1532 2610 suo,
1544 2542 1621 2597 sicut
1630 2547 1659 2598 et
1670 2543 1699 2597 in
1710 2543 1843 2600 conciliis

82 2629 236 2700 torem,
249 2647 358 2687 novum
370 2629 460 2688 David
471 2631 566 2686 virum
578 2630 740 2686 secundum
753 2645 803 2683 cor
817 2646 902 2685 suum
920 2629 962 2684 in-
1016 2627 1081 2683 aliis
1092 2629 1229 2701 legimus,
1240 2629 1557 2685 anathematizaverunt
1567 2648 1669 2687 omnes
1679 2632 1840 2699 hereticos,

85 2721 263 2787 veniens,
280 2720 330 2792 qui
357 2737 414 2776 nan
430 2720 510 2776 dedit
531 2718 709 2791 juxtaquod
736 2717 877 2790 scriptam
905 2722 958 2784 est,
1015 2717 1841 2791 etomnesquisuffragantnrhrereticis.Interquosom·

91 2821 258 2866 somnum
273 2811 360 2865 ocutis
380 2811 450 2878 suis,
465 2817 492 2865 et
502 2808 641 2882 palpebris
664 2809 722 2863 sats
742 2807 961 2863 dormitationem
1015 2821 1067 2860 nes
1083 2804 1320 2860 anathematizati
1343 2808 1413 2860 sunt
1437 2809 1466 2860 et
1489 2805 1750 2873 Predestinatiani,
1767 2823 1839 2878 quo·

100 2898 478 2970 (Psal.cxav1,ll,doncc
494 2915 546 2969 per
560 2897 638 2952 hunc
649 2900 782 2951 nostrum
794 2914 810 2950 a
820 2896 878 2951 Deo
890 2912 958 2950 eon·
1014 2910 1080 2949 rum
1096 2892 1224 2959 heresis,
1237 2892 1409 2948 auctoritate
1423 2909 1504 2964 papae
1520 2892 1664 2948 Caelestini
1678 2910 1712 2949 cx
1723 2892 1839 2967 delega-

102 2990 287 3061 gregatum
303 3004 479 3061 sacrumque
494 2990 678 3054 conventum,
692 2985 785 3059 ipsam
803 2989 878 3041 recle
892 2983 958 3041 fidei
1013 2981 1091 3037 tione
1106 2979 1210 3053 ipsius,
1227 2997 1279 3052 per
1294 2986 1431 3036 sanctum
1448 2981 1621 3052 Prosperum
1638 2981 1667 3037 in
1679 2980 1780 3038 Galliis
1795 2986 1840 3037 est

112 3076 238 3148 reperit
254 3075 412 3148 perlectam
436 3076 682 3149 predicationem,
699 3074 861 3130 seeundum
879 3074 957 3129 enim
1013 3069 1119 3126 revicta
1135 3069 1230 3141 (smne
1244 3067 1343 3139 synodi
1356 3076 1408 3124 act.
1422 3071 1476 3141 18).
1490 3069 1525 3125 tot
1539 3069 1569 3123 in
1586 3068 1680 3125 edicto
1696 3068 1837 3125 Constan-

113 3180 148 3220 α
162 3165 289 3221 Domino
309 3165 416 3221 editam
432 3181 550 3220 vocem:
566 3165 615 3222 Uet
635 3163 689 3220 duo
712 3164 754 3219 vet
778 3171 831 3219 tres
854 3142 994 3234 [serinac
1013 3156 1068 3211 tini
1084 3156 1278 3229 imperatoris,
1292 3156 1367 3230 quod
1384 3157 1705 3231 petentibnsepisaapis
1718 3159 1754 3214 ad
1770 3175 1837 3215 con-

121 3255 288 3326 cruoreque·
304 3255 333 3310 in
347 3255 459 3310 minine
473 3270 543 3322 nreo,
560 3254 600 3309 ilii
612 3270 673 3309 sain
699 3255 730 3308 in
752 3253 841 3308 madio
865 3269 959 3309 eornm
1013 3246 1208 3302 firmationem
1219 3245 1305 3302 istius
1315 3251 1401 3301 sextae
1412 3247 1514 3319 synodi
1527 3247 1631 3303 feritet
1644 3246 1837 3316 confirmavit,

1013 3335 1053 3390 ita
1068 3334 1210 3406 scriptum
1226 3338 1288 3390 est:
1301 3335 1479 3390 «Credimus
1495 3337 1524 3390 in
1540 3336 1665 3406 Patrem,
1677 3341 1705 3392 et
1720 3334 1837 3402 Filium,

1013 3429 1042 3479 et
1052 3424 1194 3496 Spiritum
1206 3428 1341 3479 sanctum
1355 3442 1361 3479 :
1375 3423 1547 3479 Trinitatem
1562 3424 1591 3480 in
1605 3425 1761 3493 unitate,et
1773 3425 1838 3481 uni-

1013 3516 1102 3568 tatem
1114 3513 1142 3566 in
1155 3511 1306 3581 Trinitata,
1318 3529 1407 3568 unam
1418 3512 1614 3569 substantiam
1625 3512 1655 3567 in
1667 3512 1762 3568 tribus
1772 3513 1839 3569 sub·

1014 3599 1314 3657 sistentiis.Unitatem
1325 3600 1443 3672 quidem
1454 3606 1571 3674 propter
1582 3601 1747 3658 naturalem
1759 3602 1839 3656 unio·

1015 3706 1081 3744 nem
1109 3707 1142 3744 ac
1170 3689 1400 3745 dominationem
1417 3708 1423 3745 :
1441 3691 1613 3745 Trinitatem
1629 3708 1694 3746 vero
1722 3696 1840 3763 propter

1014 3779 1104 3834 trium
1121 3778 1379 3834 subsistentiarum
1396 3779 1778 3852 perlectionem,etdivitias
1794 3797 1839 3835 su·

1015 3867 1218 3940 perexistentis
1233 3867 1384 3923 bonitatis.
1396 3868 1499 3924 Unitas
1515 3870 1623 3942 quippe
1638 3886 1703 3925 vere
1717 3872 1762 3923 est
1775 3867 1839 3923 Tri-

123 3342 235 3410 (itant.
246 3360 329 3413 xvm,
340 3341 396 3414 20),
409 3343 475 3407 Oua
492 3359 619 3414 praesens
630 3346 733 3398 sancta
743 3345 772 3396 et
787 3340 960 3397 universalis

129 3433 277 3505 synodus,
295 3430 420 3486 fideliter
435 3430 599 3503 suscipiens
621 3435 649 3486 et
668 3430 804 3502 expansis
822 3429 959 3485 manibus

132 3518 313 3591 amplectens
324 3519 621 3592 suggestionemqurn
632 3518 845 3575 asanctissimo
853 3536 885 3574 ae
896 3519 961 3574 bea·

133 3605 246 3663 lissima
256 3606 413 3681 Agathone
424 3607 552 3679 antique
569 3608 666 3663 Rome
682 3607 758 3662 taeta
769 3611 822 3674 est,
835 3607 871 3662 ad
883 3608 959 3663 Ceu-

138 3697 295 3752 stantinum
311 3696 478 3769 piissimum
491 3714 524 3752 ao
541 3696 746 3752 fidelissimum
761 3701 893 3752 nostrum
905 3696 959 3752 im—

140 3789 373 3858 peratoremque
382 3783 555 3840 nominatim
567 3784 731 3855 abjeciteos
741 3785 961 3856 quidocuerant

141 3873 177 3929 vel
190 3875 430 3947 predicaverunt,
443 3873 521 3930 sicut
531 3873 668 3945 superius
680 3873 792 3929 dictum
804 3878 859 3940 est,
871 3892 960 3930 unam

142 3961 310 4020 voluntatem
326 3967 356 4018 et
371 3979 460 4018 unam
477 3962 676 4035 operationem
700 3961 728 4016 in
751 3961 961 4018 incarnationis

145 4047 351 4122 dispensatione
373 4050 490 4107 Domini
514 4049 605 4106 nostri
622 4050 691 4106 Josu
707 4050 812 4105 Clrrisii
835 4050 893 4106 veri
910 4051 962 4111 Dei

145 4138 224 4194 nostri
244 4140 366 4212 adaque
389 4138 523 4212 amplexa
538 4144 583 4195 est
596 4143 626 4194 et
641 4139 763 4195 alteram
792 4139 962 4213 synodalem

147 4227 363 4300 suggestionem,
376 4245 441 4301 que
457 4227 550 4283 missa
561 4231 605 4284 est
620 4245 637 4283 a
652 4244 734 4283 sacro
746 4227 961 4300 concilio,quod

148 4315 963 4389 astsubeodcmsanctissimapapacentumvigintiquin·

149 4418 196 4474 que
218 4405 274 4462 Deo
299 4404 472 4462 amabilium
497 4405 760 4478 episcoporum,ad
786 4406 882 4477 ejusa
904 4405 961 4462 Deo

1016 3957 1103 4024 nitas,
1116 3957 1186 4030 quia
1196 3957 1279 4012 unita
1288 3962 1333 4013 est
1345 3957 1500 4023 deitate‚ct
1510 3958 1639 4014 'l'rinitas
1649 3975 1713 4014 vere
1724 3962 1768 4014 est
1779 3957 1841 4012 uni-

1016 4050 1071 4113 tas,
1084 4045 1177 4101 divisa
1191 4044 1428 4117 proprietatibus,
1441 4052 1469 4101 et
1485 4064 1541 4102 non
1557 4047 1711 4118 dispertita
1726 4045 1839 4100 aeterni·

1016 4139 1074 4190 tate
1088 4152 1094 4190 τ
1107 4133 1171 4206 ipsa
1189 4133 1266 4188 enim
1293 4133 1412 4188 sibimet
1435 4135 1670 4207 consempiterna
1684 4137 1839 4200 estates·
1868 4196 1871 4202 ,

1017 4223 1112 4278 sentia
1124 4219 1245 4293 aequalis
1261 4220 1380 4275 honoris
1395 4226 1449 4276 est.
1462 4222 1519 4277 Nec
1534 4221 1611 4277 euim
1629 4221 1739 4276 exst'tit
1752 4237 1841 4276 secu·

1016 4314 1090 4379 lum,
1099 4310 1216 4383 quanda
1227 4327 1294 4365 erim
1306 4309 1388 4364 Patre
1399 4327 1456 4365 non
1467 4315 1530 4366 erat
1539 4314 1567 4365 et
1579 4310 1678 4378 Filius,
1689 4310 1774 4381 cujus
1785 4310 1840 4365 uti·

1017 4418 1073 4474 que
1083 4401 1241 4456 vacabatur
1253 4404 1346 4471 pater,
1360 4398 1384 4453 si
1400 4415 1458 4454 nan
1473 4397 1560 4454 simul
1573 4415 1640 4452 cum
1652 4415 1685 4454 eo
1700 4401 1762 4454 erat
1777 4398 1841 4454 sine

150 4489 309 4550 instructam
322 4493 889 4568 tranquillitatem,utpotecansanantes
899 4511 963 4549 san·
978 4510 1001 4575 p
1018 4492 1160 4571 principio
1184 4489 1282 4545 filius?
1297 4490 1354 4544 Nec
1378 4492 1440 4543 erat
1462 4488 1579 4560 quando
1603 4505 1662 4543 non
1687 4492 1749 4544 erat
1772 4505 1858 4543 eum*

151 4581 422 4640 ctoCbalccdaneusi
438 4581 572 4648 concilio,
583 4586 612 4638 et
626 4586 705 4637 tomo
725 4581 914 4638 sacratissimi
932 4586 960 4639 et

152 4667 296 4728 beatissimi
308 4689 389 4746 pape
400 4672 532 4744 ejusdem
545 4670 671 4743 antiquae
684 4671 780 4726 aeine
793 4670 960 4745 Leonis,qui

154 4754 263 4816 directus
274 4765 319 4817 est
329 4763 365 4817 ad
380 4766 513 4816 sanctum
529 4759 799 4832 Flav·ianum,quem
810 4765 838 4816 et
849 4760 959 4816 colum·

156 4860 210 4902 nan
224 4854 304 4905 recte
324 4849 391 4905 fidei
409 4848 578 4920 hujusmodi
595 4850 725 4922 synodus
741 4848 906 4922 appellavit.
918 4850 959 4905 Ad

155 4930 204 4989 hac
214 4941 239 4992 ct
248 4938 395 5012 synodicis
405 4937 548 5012 epistolis,
561 4954 624 5010 quar
636 4937 749 5010 scripta
761 4943 831 4994 sunt
846 4956 863 4994 a
877 4939 961 4994 beato

156 5019 243 5094 Cyrilla
254 5029 395 5084 adversus
405 5027 529 5100 impium
540 5027 707 5084 Nestorium
717 5032 746 5083 et
759 5028 794 5082 ad
807 5027 962 5083 orientales

157 5112 298 5190 episcopos.
311 5117 445 5173 Assecuti
457 5134 573 5190 quoque
589 5120 690 5173 sancta
705 5115 835 5189 quinque
853 5117 964 5172 univer-

156 5200 214 5260 salia
227 5206 357 5276 concilia,
375 5211 404 5262 et
419 5210 537 5262 sanctos
560 5211 647 5279 atquo
672 5205 837 5277 probabiles
853 5206 962 5276 Patres,

157 5301 390 5369 consonanterque
403 5295 534 5351 confiteri
551 5294 728 5350 diffinientes
742 5294 899 5350 Dominum
914 5312 962 5352 no·

156 5381 233 5437 strum
243 5385 344 5441 Jesnm
355 5385 619 5453 Christum,verum
630 5385 717 5439 ileum
728 5388 859 5439 nostrum
870 5402 962 5440 unum

155 5465 184 5522 dc
195 5477 289 5529 saneta
307 5478 338 5530 et
351 5473 595 5531 consubstantiali
611 5477 640 5530 et
653 5472 717 5528 vite
733 5460 874 5547 originem
889 5492 962 5548 prra-

153 5553 225 5618 bsuts
239 5562 393 5634 trininn,
406 5564 565 5640 perlectum
582 5562 612 5620 in
628 5563 705 5622 482
720 5563 839 5637 deitate,
853 5568 881 5622 et
897 5581 961 5641 per·

1015 4585 1147 4655 utrisque
1156 4579 1283 4651 Spiritus
1294 4576 1509 4634 sanctusUnus
1521 4576 1610 4650 igitur
1618 4577 1678 4634 bane
1687 4577 1744 4632 tria
1752 4577 1841 4649 Deus,

1014 4666 1842 4748 quesinvicemcumsolasingillatimdillerentiaincam-

1015 4756 1842 4830 munitatecsse'ntiainseparabiliterdiscernenteunam·

1015 4865 1163 4926 quamque
1192 4864 1347 4920 personam
1375 4846 1588 4920 intelliguntur.
1611 4847 1697 4903 Solus
1721 4847 1841 4918 proinde

1017 4942 1102 4997 Pater
1131 4939 1215 4993 Pater
1242 4941 1296 5003 est,
1318 4936 1399 4991 salus
1429 4935 1520 4992 Filius
1550 4936 1650 5004 Filius,
1668 4935 1748 4992 solus
1777 4933 1840 5005 Spi-

1017 5031 1090 5086 ritus
1115 5031 1235 5084 sanctus
1262 5025 1389 5098 Spiritus
1404 5030 1534 5081 sanctus.
1552 5026 1603 5081 llis
1626 5024 1733 5080 etenim
1758 5023 1839 5077 dine-

1017 5119 1120 5174 rentiis
1135 5135 1192 5173 non
1214 5119 1423 5172 convertuntur
1447 5117 1483 5171 ad
1508 5114 1639 5169 invicem.
1659 5114 1713 5168 Sed
1739 5110 1768 5165 in
1793 5109 1841 5166 bis

1017 5209 1136 5281 quidem
1156 5205 1391 5278 inseparabiliter
1412 5204 1583 5259 dividuntur
1599 5220 1605 5257 :
1622 5201 1841 5258 communicant

1017 5300 1113 5353 autem
1140 5297 1272 5353 essentie
1296 5295 1418 5364 unitate,
1436 5294 1565 5350 Trinitas
1588 5289 1721 5361 simplex,
1737 5293 1766 5345 et
1786 5290 1841 5346 im-

1018 5387 1126 5460 partita
1154 5390 1241 5458 atque
1269 5385 1473 5456 incomposita.
1498 5382 1538 5435 Ex
1570 5378 1663 5433 tribus
1691 5378 1839 5451 perlectis,

1017 5493 1052 5532 ex
1080 5475 1177 5549 seipsa
1205 5473 1345 5548 perlecta,
1378 5476 1407 5526 et
1439 5467 1668 5541 superperfecta,
1700 5485 1759 5525 una
1788 5487 1840 5526 na·

1015 5570 1081 5625 turs
1097 5568 1183 5642 atque
1198 5563 1314 5634 deitate,
1329 5567 1359 5621 et
1378 5578 1436 5618 una
1450 5557 1596 5616 voluntate
1620 5558 1698 5617 488
1723 5576 1841 5638 unaque
