3824 6096
155 280 213 340 163
620 272 814 334 statuant
839 269 1063 332 attanensis
1088 270 1395 332 Aneirieeiseeel.
1801 271 1862 331 let

154 417 221 469 rant
235 408 455 472 coelestianos,
468 406 612 480 accipiant
626 423 690 478 que
706 407 784 462 idem
801 407 905 462 beatus
919 408 977 461 Au·
992 407 1019 472 Λ
1036 402 1148 458 tideati.
1162 404 1242 469 erod
1258 410 1355 460 nutem
1371 403 1469 476 posuit
1484 403 1513 458 in
1529 403 1598 470 line,
1609 403 1671 459 illos
1686 409 1711 459 et
1723 402 1862 474 910νίρω-

152 501 291 575 gostinus
302 498 459 569 scripserat
469 499 572 550 contra
581 495 733 550 Africanos
746 492 978 549 Predestinatia·
1036 493 1085 555 eit,
1097 490 1242 561 siquidem
1258 491 1307 547 illa
1318 493 1410 564 gloria
1426 497 1471 546 est
1485 491 1532 546 ιιὶι
1547 490 1746 563 intelligenda,
1758 492 1795 547 de
1805 509 1864 563 qua

153 607 207 646 nos
218 589 247 643 in
259 588 332 642 libre
344 586 379 640 de
389 583 575 655 Correptione
586 588 616 638 et
626 583 780 652 Gratia,de
790 599 848 654 quo
862 586 982 637 sanetus
1035 577 1114 634 idem
1130 579 1211 646 dicit,
1225 581 1292 635 Cam
1307 581 1430 636 Christus
1445 581 1607 652 apparuerit
1619 582 1675 635 vite
1690 587 1865 648 vestramne

154 680 277 748 Prosper
291 675 326 729 ad
344 673 463 729 beatum
485 671 684 744 Augustinum
700 671 782 737 dieii,
807 671 836 726 in
858 668 983 742 epistola
1036 675 1062 722 et
1077 684 1120 724 vves
1134 670 1301 740 apparebitis
1316 671 1446 742 cumipse
1463 673 1491 724 ia
1506 669 1730 740 stipendiatus,
1743 671 1781 737 1),
1795 686 1866 725 non·

153 782 204 838 pro
220 762 390 835 hujusmodi
416 761 532 833 negotio
548 762 584 815 ad
601 759 684 815 illum
709 747 821 815 directa
832 777 856 815 :«
868 759 980 814 Evenit·
1036 756 1107 811 dum
1124 758 1233 812 lactum
1249 762 1302 813 est.
1320 757 1457 823 Quamvis
1478 762 1507 812 et
1528 755 1578 812 iila
1592 762 1660 823 duo,
1677 757 1706 812 id
1722 761 1768 813 est
1783 773 1862 814 cece·

152 853 259 925 iuquit,
275 869 309 907 ex
329 849 522 923 dispositione
551 849 759 904 misericordie
782 847 839 914 liei,
857 853 889 902 ut
913 864 980 902 eum
1035 845 1074 898 vit
1088 852 1114 900 rt
1123 846 1295 916 justificavit,
1309 863 1366 900 non
1382 846 1411 900 in
1425 846 1563 901 omnibns
1578 846 1654 901 laeta
1669 845 1737 913 sint,
1749 847 1786 902 de
1801 846 1864 917 qui·

152 943 273 1016 quidam
290 942 368 995 intra
384 939 510 994 Africam
534 937 643 993 similia
663 937 831 1004 movissent,
849 936 981 992 videlicet
1035 932 1090 988 bus
1106 934 1184 989 dicta
1200 939 1287 990 sunt:
1301 934 1396 989 adhue
1412 935 1489 990 enim
1504 933 1641 1006 usquein
1658 934 1747 990 tinem
1763 934 1862 990 seculi

152 1029 306 1102 sicutipse
321 1025 509 1100 prescripsit,
527 1025 574 1081 his
590 1026 640 1098 qui
661 1027 690 1079 in
707 1025 883 1082 Massiliensi
909 1024 980 1080 urbe
1034 1022 1119 1077 multi
1136 1023 1257 1078 voeandi
1273 1027 1301 1078 et
1312 1023 1495 1094 justificandi
1513 1028 1601 1078 sunt:
1619 1027 1647 1078 et
1661 1028 1758 1079 tamen
1775 1025 1863 1079 verba

152 1116 446 1183 consistunt,librum
463 1115 499 1169 de
510 1114 696 1186 correptione
707 1115 845 1170 etGratia
859 1112 978 1186 plenum
1034 1112 1171 1183 preteriti
1187 1115 1328 1185 temporis
1352 1112 1451 1184 posuit
1465 1114 1500 1167 de
1516 1113 1604 1168 rebus
1628 1110 1716 1168 etiam
1742 1111 1860 1179 suturis,

151 1207 255 1263 divine
275 1204 456 1261 auctoritatis
482 1203 641 1258 amitteres.
659 1203 698 1258 De
724 1219 791 1274 quo,
809 1203 886 1258 sieut
901 1206 929 1256 et
943 1201 978 1255 de
1033 1203 1174 1271 tanquam
1186 1200 1250 1272 jam
1265 1200 1365 1256 iecerit
1383 1205 1468 1267 Deus,
1484 1217 1547 1272 que
1567 1202 1630 1272 jam
1655 1205 1688 1255 ιιι
1709 1201 1813 1257 fierent
1828 1217 1862 1257 ex

152 1296 219 1352 aliis
232 1295 315 1350 libris
337 1310 411 1364 qaros
433 1292 739 1357 commemoravimus,
760 1290 979 1347 convenientius
1033 1289 1193 1344 eternitate
1210 1287 1366 1361 disposuit.
1383 1290 1450 1345 ideo
1467 1289 1502 1345 de
1517 1289 1567 1345 illo
1583 1289 1654 1345 dicit
1670 1295 1699 1344 et
1721 1289 1863 1361 propheta

152 1391 198 1440 est
206 1385 243 1439 ad
251 1381 439 1439 revincendos
450 1398 562 1437 errores
573 1379 707 1452 exempla
717 1398 834 1453 ponere,
842 1397 894 1452 per
904 1396 977 1452 quos
1033 1378 1125 1434 isaias
1137 1395 1144 1434 ε
1157 1379 1211 1445 Qut
1224 1380 1289 1449 serit
1298 1379 1470 1451 castellatura
1484 1386 1558 1434 sunt.
1570 1378 1742 1450 Quicunque
1751 1395 1821 1451 ergo
1831 1378 1861 1435 in

151 1472 315 1543 veluiiipse
330 1470 448 1526 eosdem
463 1485 576 1525 errores
591 1469 748 1537 revincere,
761 1485 849 1542 quam
862 1467 977 1534 deillis,
1032 1465 1083 1520 [lei
1100 1465 1353 1538 providentissima
1377 1467 1570 1538 dispositione
1593 1467 1730 1539 presciti,
1751 1468 1860 1538 prede·

152 1576 225 1631 quos
241 1558 269 1612 in
285 1557 368 1612 libris
384 1557 450 1611 istis
466 1557 580 1611 studuit
600 1557 677 1612 sieut
696 1561 740 1613 est
760 1562 877 1623 certum¹
888 1556 977 1612 cerri·
1032 1553 1142 1619 stinati,
1152 1555 1320 1627 justificati,
1331 1555 1522 1629 otgloritieati
1533 1560 1613 1622 sunt,
1625 1573 1683 1612 non
1697 1555 1762 1611 dieo
1773 1556 1861 1611 etiam

151 1665 227 1722 gere.
246 1647 303 1702 Nos
318 1646 346 1700 in
364 1645 532 1718 prescripto
549 1645 687 1717 capitula,
704 1646 781 1702 sieut
796 1663 886 1717 supra
901 1649 978 1701 taxa·
1031 1645 1162 1698 nendum
1184 1645 1288 1713 renati,
1306 1645 1356 1700 sed
1373 1644 1461 1700 etiarn
1488 1646 1619 1702 nendum
1645 1644 1861 1716 nati,jaml1lii

149 1743 213 1791 tum
230 1740 285 1800 est,
302 1734 430 1789 diximus
447 1750 453 1787 :
471 1733 548 1788 Deus
564 1735 658 1789 bouus
679 1738 708 1788 et
724 1736 826 1805 justus
841 1733 928 1806 elegit
943 1750 977 1789 ex
1031 1731 1081 1786 Dei
1098 1735 1220 1799 suntet
1240 1733 1358 1787 onarxino
1374 1733 1468 1805 perire
1492 1751 1549 1788 non
1565 1736 1700 1806 possunt.
1714 1755 1730 1782 ι»
1741 1734 1778 1789 et
1796 1737 1861 1806 post

151 1827 252 1882 eadem
270 1842 368 1879 massa
388 1822 559 1895 perditionis
579 1826 741 1879 secundum
764 1824 977 1896 prescientiam
1034 1821 1265 1892 eliquantafeep.
1280 1822 1356 1892 itit«
1368 1823 1396 1877 Si
1409 1822 1487 1876 enim
1499 1823 1660 1878 secundum
1673 1823 1859 1895 propositum

150 1931 234 1969 suam
251 1929 325 1983 queis
341 1911 529 1982 pergratiam
548 1912 763 1982 predestinavit
777 1913 812 1966 ad
840 1913 939 1980 vitam,
951 1916 980 1969 et
1025 1914 1153 1966 vocaus
1170 1909 1235 1980 iste,
1245 1909 1344 1980 procul
1356 1911 1445 1965 dubio
1461 1909 1503 1965 illi
1516 1911 1603 1965 etiam
1615 1911 1692 1982 quod
1704 1910 1860 1982 corripitur

151 2003 240 2056 vitam
254 2000 312 2054 iliis
328 1998 546 2069 predestinavit
560 2004 718 2054 eternam:
732 2005 852 2054 ceteros
868 2005 977 2066 autem,
1034 1998 1324 2069 lieuscooperaturin
1334 1998 1861 2055 bouumUtrumautemistasitvoca·

151 2109 224 2162 quos
236 2092 318 2159 justo
330 2086 442 2159 judicio
455 2086 482 2140 iu
496 2104 594 2142 massa
607 2087 779 2159 perditionis
790 2087 917 2160 reliquit,
929 2105 977 2159 pe·
1033 2085 1226 2156 tio‚quoniam
1235 2085 1411 2157 quieorripit
1420 2086 1683 2158 nescit,iaciatipse
1692 2103 1759 2142 eum
1769 2087 1860 2142 chari·

151 2179 259 2234 rituros
271 2175 424 2248 prescivit,
437 2176 486 2230 sed
500 2192 555 2230 non
566 2180 598 2230 ut
609 2176 737 2246 perirent
747 2176 976 2247 predestinavit,
1032 2175 1173 2246 tutequod
1183 2173 1861 2247 scitesseiaciendumScitenimtalieerripien·

150 2283 264 2339 penam
281 2271 378 2321 autem
396 2263 453 2319 illis
481 2264 662 2335 quiajustus
691 2269 736 2320 est
763 2263 978 2337 predestinavit
1032 2263 1860 2336 doi'aeturumDenmautmisericordiumautjudieium:

150 2363 317 2412 aeternatur
329 2355 363 2409 llt
377 2353 479 2407 beatus
492 2352 671 2423 Augustinus
684 2353 710 2408 in
728 2358 888 2409 memorato
903 2353 977 2408 libro
1031 2351 1426 2423 misericordiamquidem,si
1436 2371 1560 2408 amrrssa
1569 2347 1801 2425 perditionisille
1809 2353 1860 2424 qui

152 2446 188 2501 de
203 2443 391 2515 Correptione
407 2446 436 2497 et
446 2441 547 2497 Gratia
556 2444 625 2514 (rep.
636 2445 666 2511 7)
678 2459 702 2497 t«
715 2443 768 2507 Qui
780 2460 856 2505 vero,
869 2443 976 2515 inquit,
1031 2440 1294 2512 corripiturgratie
1304 2440 1687 2513 largitatediscretuscst,et
1698 2460 1755 2497 non
1765 2448 1810 2497 est
1819 2441 1861 2496 in·

149 2531 360 2606 perseveraturi
377 2548 435 2585 non
452 2535 531 2596 sunt,
548 2548 581 2586 ae
604 2531 646 2585 sie
662 2548 679 2586 ι
695 2532 750 2586 lide.
764 2531 934 2603 {Christiana
950 2537 978 2586 et
1032 2534 1076 2584 ter
1090 2546 1159 2584 vasa
1174 2529 1305 2601 ireque
1321 2530 1448 2602 perlecta
1462 2536 1532 2586 sunt
1546 2531 1574 2585 in
1591 2531 1795 2603 perditionem,
1807 2529 1859 2586 sod

150 2618 368 2677 conversatione
382 2616 493 2689 lapsuri
509 2622 588 2684 suut,
605 2623 637 2672 ut
652 2617 725 2672 talos
740 2636 789 2674 eos
803 2620 869 2673 vite
886 2619 976 2689 hujus
1030 2618 1472 2690 intervasamisericordie,que
1483 2621 1654 2691 preparavit
1665 2621 1694 2674 in
1703 2619 1859 2693 gloriam.»

151 2709 219 2765 linis
233 2706 371 2774 inveniat,
384 2705 484 2777 procui
505 2704 594 2760 dubio
618 2722 671 2761 nec
693 2705 744 2762 illo
765 2712 895 2779 tempore
918 2723 975 2776 que
1065 2706 1146 2761 Unde
1157 2710 1185 2760 et
1196 2706 1272 2761 idem
1286 2708 1583 2780 beatusAugustinus
1599 2708 1628 2763 in
1645 2708 1720 2767 libre
1731 2708 1768 2764 de
1784 2707 1858 2763 Pre-

150 2800 224 2855 bene
249 2797 352 2870 pieque
377 2796 478 2849 vivunt
502 2793 530 2848 in
556 2795 828 2865 predestinatorum
855 2812 975 2849 numero
1030 2793 1223 2851 destinatione
1238 2795 1337 2866 gratie
1354 2795 1424 2851 dicit
1434 2795 1504 2868 (cap.
1516 2798 1543 2867 5)
1557 2815 1581 2852 :a
1592 2798 1635 2852 Ab
1651 2795 1701 2852 iilo
1716 2813 1795 2868 ergo,
1807 2795 1864 2869 qui'

150 2885 338 2960 computandi
351 2888 431 2939 sunt.
442 2884 504 2939 Non
516 2882 594 2938 enirn
605 2889 674 2939 sunt
686 2902 703 2939 a
714 2901 812 2939 anasse
822 2882 872 2944 illa
883 2883 975 2957 perdi·
1030 2888 1195 2956 eternussset
1207 2884 1414 2956 prescius,qui
1425 2890 1454 2940 et
1463 2887 1564 2956 justus
1574 2890 1602 2941 et
1613 2880 1679 2958 pius
1688 2890 1743 2952 est,
1761 2887 1853 2958 quiet

149 2977 238 3032 tionis
253 2975 436 3048 prescientia
452 2972 498 3028 Dei
515 2978 544 3029 et
559 2973 813 3045 predestinatione
828 2972 975 3028 disereti.»
1029 2973 1120 3029 exerit
1141 2973 1270 3028 debitam
1294 2974 1487 3040 severitatem,
1504 2979 1532 3030 et
1551 2975 1665 3030 exhibet
1690 2975 1852 3030 indebitam

151 3069 184 3122 itt
198 3066 266 3121 iteuv
281 3067 349 3137 (rap.
366 3062 394 3130 9)
406 3080 431 3118 :a
444 3062 501 3116 Nec
517 3079 570 3117 nos
589 3066 713 3128 moveat,
730 3064 806 3135 quod
825 3063 893 3118 liliis
913 3063 975 3118 suis
1029 3064 1214 3134 pietatem,et
1223 3061 1312 3117 habet
1321 3061 1350 3117 in
1362 3064 1495 3118 creandis
1505 3069 1593 3136 atque
1603 3064 1746 3136 eligendis
1758 3064 1853 3119 homi-

150 3155 326 3226 quibusdum
340 3152 417 3206 [leus
429 3168 485 3205 non
498 3151 646 3206 datistam'
656 3139 1009 3222 perseverantiam.Ab·G
1027 3153 1125 3218 nibus,
1141 3151 1218 3206 sicut
1233 3151 1262 3205 in
1282 3152 1343 3206 luto
1360 3151 1477 3222 figulus,
1495 3157 1678 3225 potestatem.
1691 3155 1768 3209 facte
1784 3155 1856 3208 sunt

151 3244 189 3297 sit
199 3242 277 3297 enim
291 3244 322 3294 ut
335 3240 376 3293 ita
386 3243 474 3304 esset,
485 3237 510 3292 si
521 3239 556 3292 de
568 3237 626 3293 iilis
642 3239 855 3310 praedestinatis
866 3243 974 3305 essent,
1030 3241 1088 3296 alia
1097 3240 1214 3313 quidem
1226 3255 1296 3294 vasa
1308 3239 1338 3294 in
1355 3240 1505 3307 honorem,
1517 3241 1573 3297 alia
1583 3259 1649 3297 vero
1660 3242 1688 3296 in
1701 3246 1855 3297 contume-

150 3339 179 3386 ιι
194 3328 355 3385 secundum
372 3326 685 3398 propesitumvoeatis,
698 3328 823 3399 quivere
837 3332 908 3382 sunt
924 3327 974 3382 Alii
1029 3329 1283 3400 liam.Antequam
1295 3328 1402 3384 laceret
1417 3331 1560 3401 prescivit
1570 3329 1709 3397 uos‚etin
1724 3330 1791 3402 ipsa
1802 3346 1861 3386 nos

151 3414 366 3490 promissionis.
378 3415 451 3470 Num
465 3413 513 3471 isti
526 3432 592 3470 eum
606 3416 652 3487 pie
665 3415 764 3470 vivunt
775 3417 914 3471 dicuntur
924 3415 975 3470 Alii
1030 3417 1211 3491 prescientia
1222 3433 1289 3472 eum
1303 3418 1434 3472 nondum
1452 3419 1568 3474 lecisset
1581 3418 1677 3492 elegit.
1691 3419 1746 3475 Sed
1764 3436 1782 3474 a
1797 3435 1856 3492 quo

152 3508 202 3564 liei
215 3524 222 3562 :
235 3506 284 3562 sed
301 3503 442 3577 quoniam
461 3502 565 3558 victuri
581 3509 651 3559 sunt
666 3503 765 3575 impie,
777 3509 806 3559 et
820 3503 850 3559 in
873 3505 975 3560 eadem
1031 3507 1085 3562 hoe
1096 3506 1156 3560 lieri
1170 3505 1275 3576 potuit,
1287 3504 1342 3559 nisi
1354 3507 1390 3560 ab
1401 3523 1434 3561 oo
1445 3508 1494 3578 qui
1508 3516 1583 3564 arceat
1596 3524 1628 3564 ee
1643 3522 1705 3580 prae
1714 3524 1770 3563 nori
1780 3516 1856 3573 aaut,

151 3597 300 3668 impietate
312 3591 521 3656 moritur-imon
533 3609 582 3647 eos
593 3593 663 3647 dicit
675 3592 749 3647 filios
763 3592 810 3647 Dei
824 3592 975 3663 prescien-
1030 3605 1160 3667 tori-quom
1175 3611 1205 3649 aa
1222 3611 1284 3666 erte
1298 3604 1362 3651 sarit
1372 3597 1459 3663 (deor.
1473 3614 1509 3661 xv,
1526 3599 1589 3665 wli
1603 3596 1760 3670 Apostolus
1776 3596 1856 3652 euim

152 3687 193 3742 tia
211 3685 271 3740 Dei.
292 3707 305 3732 a
324 3681 447 3736 Attouda
466 3697 555 3752 qirare
567 3697 621 3734 non
634 3681 707 3735 dixit
726 3681 977 3745 hic,sieutdiouot
1031 3685 1102 3740 dicit
1114 3702 1120 3738 :
1134 3685 1191 3754 (lai
1202 3685 1282 3754 clepit
1294 3701 1344 3740 eos
1358 3693 1420 3740 ante
1433 3685 1532 3741 marrrdi
1543 3689 1761 3742 constitutionem
1776 3686 1856 3758 (apt.

153 3769 413 3833 Predestinatiaui‚
430 3770 467 3823 ad
493 3769 643 3823 interilum
669 3770 884 3841 praedestinatio
900 3770 948 3825 Ilei
968 3789 974 3828 :
1030 3791 1050 3842 1,
1063 3774 1100 3842 1).
1116 3775 1193 3828 intra
1207 3773 1351 3827 mundum
1368 3774 1437 3829 faeti
1452 3792 1567 3845 sumus,
1583 3779 1611 3830 et
1625 3780 1694 3830 ante
1710 3776 1857 3830 mundum

152 3863 203 3918 sed
215 3860 287 3917 dixit
297 3861 332 3915 de
342 3858 441 3914 electis
451 3858 573 3930 loquens
585 3858 918 3930 predestinationem,de
933 3878 976 3916 re·
1031 3863 1113 3920 electi
1130 3879 1250 3929 sumus;
1267 3866 1355 3934 atque
1369 3864 1409 3918 ita
1425 3881 1482 3919 uno
1502 3865 1673 3937 eodemque,
1686 3881 1739 3920 nec
1755 3868 1857 3920 trans·

153 3949 252 4025 probis
260 3953 357 4004 autem
367 3947 706 4019 prescientiamlltpost
715 3964 839 4018 paueat«
849 3949 977 4014 Quivere
1030 3956 1128 4020 eunte,
1139 3968 1191 4006 nee
1206 3951 1314 4015 futuro,
1327 3951 1377 4006 sed
1393 3951 1530 4008 continuo
1547 3952 1739 4025 temperaret
1756 3952 1783 4008 si
1797 3968 1858 4025 que

153 4038 206 4095 alii
222 4041 301 4104 suut,
318 4034 444 4107 presciti
459 4041 488 4090 et
509 4035 704 4107 predestinati
725 4039 795 4090 sunt
813 4038 977 4093 conformes
1032 4041 1088 4097 alio
1100 4041 1186 4097 mode
1197 4040 1254 4096 diei
1267 4045 1371 4112 potest,
1384 4041 1435 4097 sed
1448 4046 1544 4097 tamen
1560 4046 1664 4113 potest,
1674 4041 1749 4112 apud
1764 4042 1857 4097 Deum

153 4125 291 4201 imaginis
308 4124 360 4179 filii
375 4125 450 4196 ejus,
463 4128 492 4178 et
507 4124 669 4179 seeundum
686 4123 868 4196 propositum
883 4126 977 4182 vaceti
1031 4135 1084 4192 est.
1097 4134 1125 4185 et
1139 4129 1283 4201 prescire,
1296 4134 1324 4184 et
1339 4130 1441 4198 lacere,
1455 4135 1483 4184 et
1497 4129 1613 4204 eligere,
1629 4135 1658 4185 et
1673 4128 1860 4202 prescientia

152 4221 223 4274 sunt
238 4221 270 4271 ιι
284 4213 367 4271 electi
382 4217 490 4268 essent.
503 4212 564 4267 Non
579 4212 657 4267 enim
673 4212 748 4284 perit
763 4213 841 4269 filius
856 4215 979 4286 premis·
1031 4215 1374 4275 suaineommutabiliter
1384 4223 1571 4290 permanente
1579 4219 1685 4292 eligere
1695 4218 1858 4288 iaciendos,

153 4305 260 4373 sionis3
276 4302 326 4360 sed
344 4301 423 4358 filius
446 4300 627 4373 perditionis.
646 4302 775 4357 Fuerunt
789 4319 857 4375 ergo
880 4303 926 4360 isti
944 4321 978 4359 ex
1031 4324 1106 4379 quos
1118 4308 1249 4362 tacturus
1260 4308 1354 4362 luerat
1365 4306 1543 4379 eligendos«
1554 4309 1590 4362 st
1602 4307 1672 4363 item
1684 4306 1762 4364 idem
1773 4307 1803 4363 in
1813 4323 1861 4363 eo·

153 4389 743 4455 multitudinevocatorum‚exeieetorum
760 4395 858 4446 aulem
875 4393 978 4464 pauci·
1033 4397 1099 4452 dem
1115 4396 1188 4452 libro
1203 4397 1365 4468 (cap.16):«
1381 4398 1458 4451 itanc
1473 4397 1571 4469 itaque
1594 4395 1723 4452 divinam
1739 4395 1859 4452 electio-

98 4522 103 4527 -
153 4487 212 4538 iate
222 4497 280 4536 non
292 4481 420 4535 suerunt.
432 4480 493 4534 Non
506 4479 597 4550 igitur
607 4477 676 4534 filiis
692 4479 754 4535 suis
766 4480 979 4551 praedestinatis
992 4506 1017 4572 D
1032 4502 1110 4552 nom,
1123 4502 1180 4540 non
1197 4484 1310 4541 meritis
1325 4485 1418 4555 reddi,
1434 4487 1484 4541 sed
1506 4485 1570 4541 sola
1583 4485 1743 4542 voluntatis
1759 4485 1859 4540 muni·

154 4571 231 4626 Deus
242 4567 486 4641 perseverantiam
496 4585 553 4623 non
563 4568 652 4622 dedit.
661 4567 976 4640 Haberentenimcam‚
1033 4575 1148 4630 lieentia
1163 4574 1263 4629 donari
1285 4573 1465 4639 homiuibus
1482 4575 1596 4647 Moyses
1611 4591 1678 4630 eum
1697 4574 1762 4645 jam
1787 4578 1861 4629 tunc

153 4659 179 4714 si
190 4658 220 4713 in
231 4675 264 4713 eo
276 4655 402 4712 illiorum
416 4672 537 4710 numero
548 4662 656 4711 essent.
669 4656 725 4728 ipsi
741 4660 811 4711 sunt
826 4658 978 4727 predesti·
1031 4663 1166 4736 quamvis
1182 4662 1328 4719 carnalem
1350 4663 1492 4736 populum
1518 4664 1634 4719 doceret
1655 4661 1794 4718 ostendit.
1810 4661 1860 4718 Sic

153 4746 224 4813 nati,
236 4745 278 4800 illi
294 4744 489 4817 predestinati
507 4750 535 4799 at
550 4745 712 4800 secundum
729 4746 911 4817 propositum
926 4765 978 4802 vo·
1031 4752 1109 4807 enim
1126 4751 1155 4806 in
1172 4752 1395 4810 Deuteronomio
1410 4752 1480 4807 dicit
1498 4752 1534 4807 ad
1554 4750 1696 4824 populum
1709 4767 1716 4806 :
1730 4751 1797 4806 Ecce
1810 4749 1860 4806 de-

153 4835 221 4903 eati,
233 4851 357 4906 quorum
371 4832 468 4888 nullus
483 4833 585 4904 perit.»
596 4835 630 4888 Et
640 4833 709 4889 item
722 4850 747 4888 :a
760 4835 794 4889 Et
804 4834 868 4905 jam
884 4835 913 4889 in
929 4836 978 4892 illa
1031 4842 1101 4897 virini
1116 4842 1166 4897 liei
1183 4843 1225 4897 tei
1252 4843 1360 4909 celum,
1376 4850 1402 4897 et
1414 4842 1512 4897 aelam
1526 4843 1597 4906 celi,
1614 4849 1687 4897 terro
1713 4847 1740 4897 et
1766 4840 1863 4895 onmia

154 4923 410 4998 predestinatione
421 4921 472 4976 lilii
484 4927 554 4977 saint
569 4925 662 4994 ejus.»
675 4923 708 4978 et
722 4927 788 4995 post
803 4923 953 4994 aliquanta
970 4942 976 4980 ι
1033 4946 1095 5001 que
1109 4938 1174 4986 artat
1186 4933 1216 4984 in.
1230 4931 1467 4986 eal'eremtomen
1486 4938 1576 5002 patrea
1596 4937 1697 4986 vestros
1715 4927 1864 5000 alapisve

156 5037 170 5066 «
182 5018 260 5080 Quos
279 5017 346 5067 ante
366 5011 510 5084 prescivit
529 5016 558 5068 et
576 5011 793 5084 predestinavit
815 5013 978 5070 conformes
1024 5022 1125 5092 =mimir
1139 5020 1253 5092 diliyere
1266 5035 1320 5089 eos,
1333 5021 1381 5090 qai
1394 5020 1475 5091 clepit
1488 5037 1580 5076 senen
1593 5035 1687 5075 eorum
1700 5025 1762 5090 post
1775 5018 1861 5089 ipsos,

154 5102 292 5176 imaginis
306 5100 370 5157 Filii
381 5101 445 5172 ejus
457 5118 463 5155 :
477 5118 551 5173 quos
566 5107 662 5156 autem
676 5099 900 5171 predestinavit,
912 5100 978 5158 illos
1032 5125 1077 5163 ιω
1091 5122 1152 5180 prae
1170 5107 1295 5163 omnibus
1317 5107 1442 5178 pentibus
1457 5108 1545 5176 (Deua,
1557 5126 1583 5173 χ,
1597 5107 1651 5180 14),
1667 5107 1704 5162 Et
1726 5103 1838 5177 adjoeit
1853 5119 1862 5160 ς

155 5197 183 5248 et
194 5190 322 5248 vocavit:
332 5206 405 5262 quos
418 5196 516 5246 autem
531 5189 652 5255 vocavit,
664 5186 730 5243 illos
744 5192 773 5243 et
783 5188 956 5257 justificavit
970 5209 976 5247 :
1034 5196 1271 5253 cirmawidimiai
1280 5211 1342 5266 erpo
1351 5212 1368 5250 e
1378 5195 1483 5251 duritie
1493 5196 1582 5253 cordis
1592 5197 1684 5263 ceam,
1695 5192 1865 5252 etcervieem

155 5298 229 5353 quos
246 5285 345 5336 autem
358 5278 542 5351 justificavit,
558 5278 638 5349 ipsos
664 5281 693 5332 et
716 5275 889 5348 gloriticavit
906 5296 912 5333 :
930 5279 979 5337 illa
1033 5294 1149 5343 aresirorn
1163 5302 1198 5341 aa
1214 5284 1348 5341 imlurctis
1362 5286 1482 5357 arnplies
1494 5286 1586 5356 (itte,
1600 5284 1653 5357 16).
1666 5283 1721 5340 Sed
1736 5281 1816 5339 hane
1830 5279 1864 5339 in

156 5371 232 5424 1οθ
240 5368 339 5423 ornnia
343 5369 406 5439 jam
416 5368 579 5431 factasunt,
590 5365 743 5436 prescivit,
751 5366 977 5437 predestinavit,
1035 5378 1108 5432 101
1127 5374 1168 5430 eis
1179 5373 1323 5429 mansisse
1334 5374 1473 5429 duritiam
1485 5373 1592 5441 cordis,
1605 5373 1682 5429 siout
1695 5387 1788 5445 supra
1796 5368 1866 5442 lm

155 5456 276 5522 vocavit,
285 5455 471 5528 justitieavit;
484 5452 623 5526 queniam
633 5458 662 5509 et
671 5453 842 5524 omnesjam
854 5459 979 5526 presciti
1034 5464 1104 5531 dixi,
1117 5464 1219 5520 heatus
1230 5461 1396 5534 Stephanus
1407 5479 1473 5520 cum
1488 5463 1600 5520 Iudaeos
1614 5463 1747 5536 increpat
1761 5461 1866 5517 osten·

156 5561 190 5604 ae
201 5544 397 5622 predestinati
410 5549 489 5618 sunt,
502 5545 530 5602 et
541 5541 626 5604 multi
637 5542 700 5618 jam
711 5541 805 5600 vocati
816 5547 903 5623 atque
914 5546 979 5622 J'us-
1034 5552 1087 5613 dit.
1103 5553 1135 5613 ln
1150 5551 1272 5613 Actibus
1290 5550 1369 5613 enim
1395 5551 1596 5631 apestolorum
1610 5550 1674 5628 ipsa
1697 5549 1741 5610 sic
1763 5544 1865 5611 dicits
