3824 6096
100 311 157 373 535
447 256 451 268 Ι
565 306 759 369 HlNCllltlll
781 300 1008 366 suadetists
1030 302 1341 366 ascfltastscort.

99 443 133 497 st
148 440 217 499 itcm
234 445 354 498 sanctus
368 439 525 513 Gregorius
539 438 568 494 in
585 437 790 495 sextadecima
804 436 925 494 homilia
938 434 967 502 Α
981 434 1173 509 telligcndum
1187 438 1242 501 est,
1259 435 1337 507 quod
1353 433 1437 490 Pater
1452 431 1510 489 atri
1529 429 1712 505 nora=poscit¹

99 527 257 584 Ezechielis
270 546 294 582 :a
311 529 412 595 isaias,
426 527 531 600 inquit,
544 523 798 598 audivitangelicn
813 523 931 597 agmina
983 523 1027 581 vel
1044 524 1199 596 sapientia,
1214 524 1290 580 sicut
1304 522 1362 579 diei
1384 538 1441 578 non
1460 524 1557 595 potest
1572 518 1662 577 lilius
1673 518 1712 577 aa

101 618 129 672 in
146 617 217 674 coelo
242 617 401 673 clamantia
418 634 424 672 :
442 617 568 681 Srrrrrtas,
588 616 717 678 Sanctus,
739 614 854 670 Sanctus
880 615 931 669 Do·
985 613 1068 678 bum,
1079 612 1148 686 quia
1166 613 1226 668 hac
1243 612 1363 668 relativa
1383 616 1462 668 sunt·
1475 609 1605 679 aomina,
1621 607 1712 667 itant

100 709 194 761 minus
213 709 282 762 Deus
306 707 418 762 solicolis
433 707 495 778 (trra.
512 705 562 776 vr).
574 704 611 760 Ut
634 703 712 759 euim
738 718 928 774 personarum
985 696 1712 773 astrictusetsupieutia,substantialiasuut.Ideo

101 795 229 851 Trinitas
250 798 474 858 monstraretur,
493 793 577 849 tertio
597 794 723 849 Sanctus
739 791 861 860 dicitur;
879 792 930 847 sed
984 791 1078 846 virtus
1093 795 1121 846 et
1135 789 1290 863 sapientia,
1307 793 1335 845 et
1355 787 1445 845 Filius
1460 787 1552 844 virtus
1566 789 1595 842 ct
1609 785 1711 860 sapien

102 888 134 939 ut
158 901 217 939 una
244 901 308 940 esse
336 882 502 938 substantia
521 881 673 937 Trinitatis
698 885 847 954 appareat,
871 898 928 936 non
985 880 1112 952 Spiritus
1136 883 1257 937 sauctus
1275 879 1369 934 virtus
1392 881 1421 934 et
1444 875 1610 949 sapientia:
1627 889 1712 932 naut

103 973 217 1032 Domini
247 971 381 1040 sabaoth,
404 973 456 1027 sed
486 971 628 1026 Dominus
657 987 722 1026 esse
749 968 928 1042 perhibetur.
984 974 1045 1026 tres
1060 968 1192 1036 virtutes,
1205 985 1257 1023 nee
1277 972 1337 1023 tres
1357 965 1516 1040 sapientire,
1532 965 1583 1022 sed
1599 981 1662 1020 uua
1673 961 1712 1021 via

102 1063 184 1128 Quod
206 1061 296 1116 David
319 1077 436 1133 quoquc
460 1058 596 1114 siusiliter
619 1059 749 1114 sentiens
773 1060 850 1117 aaa
865 1059 905 1114 ait
921 1075 928 1112 :
984 1057 1140 1131 sapientia,
1156 1058 1240 1114 Pater
1253 1060 1282 1112 et
1297 1055 1388 1114 Filius
1403 1060 1431 1111 et
1446 1054 1573 1128 Spiritus
1587 1055 1712 1121 senecae

102 1150 248 1206 decedebat
268 1167 317 1205 croc
340 1151 408 1204 cera
428 1149 498 1204 Deus
512 1154 612 1214 noster,
630 1147 770 1204 aevaeum
790 1164 839 1205 nos
860 1149 929 1203 licus
985 1164 1045 1203 uua
1059 1145 1226 1203 substantia
1248 1149 1278 1201 et
1300 1161 1359 1213 una
1378 1141 1712 1216 omnipotentiam..

102 1240 187 1306 (Psoi.
200 1238 283 1310 axvi).
295 1238 348 1304 Qui
361 1254 428 1292 curn
445 1237 530 1292 tertio
541 1236 662 1293 dixisset
677 1238 821 1305 Deum,ut
836 1254 929 1293 unum
985 1252 1048 1308 quas
1065 1235 1100 1292 de
1116 1234 1283 1291 substantia
1297 1232 1459 1289 divinitatis
1469 1231 1617 1288 dicuutur.
1628 1229 1712 1287 scits

102 1325 828 1394 bancesseostenderet,subdidit‚etincreenteum
838 1343 929 1383 manea
985 1323 1092 1397 ligatur
1119 1323 1211 1380 Filius
1238 1321 1384 1396 sapientia
1405 1319 1510 1390 Patris,
1527 1319 1676 1392 quomoda
1693 1334 1712 1375 a

102 1420 169 1490 fines
179 1424 271 1474 terna.
282 1415 390 1473 Paulus
398 1414 655 1487 quoqueloquitur
663 1416 930 1490 diccuszQecnium
984 1412 1084 1468 lumen
1100 1412 1204 1479 Patris,
1222 1412 1321 1478 idest,
1339 1415 1371 1466 ut
1391 1407 1640 1482 quemadmodum
1658 1406 1712 1465 luta

102 1520 137 1563 ee
152 1509 219 1579 ipsc,
236 1513 323 1577 caper
336 1506 435 1576 ipsum,
447 1512 472 1560 et
482 1506 510 1560 in
526 1506 583 1575 ipro
593 1506 759 1561 santonicis
769 1504 856 1575 (Rmn.
869 1504 928 1576 xu).
984 1503 1108 1568 lumine,
1122 1505 1152 1558 et
1166 1505 1326 1573 utrumque
1343 1516 1434 1556 unum
1450 1498 1561 1565 lumen,
1572 1497 1615 1554 sic
1630 1492 1712 1555 intstl

103 1597 142 1654 lis
158 1593 222 1666 ipso
236 1592 370 1648 videlicet
385 1610 420 1648 ex
441 1592 535 1667 Tetra,
551 1609 603 1664 per
621 1591 730 1666 ipsum,
747 1610 798 1666 per
812 1593 929 1659 Filium,
985 1590 1129 1663 sapientia
1144 1592 1179 1647 de
1194 1589 1347 1661 sapientia,
1359 1593 1387 1645 et
1402 1591 1560 1660 utrumque
1574 1603 1635 1643 una
1645 1582 1712 1661 sepi

103 1682 132 1738 in
150 1683 212 1754 ipso
228 1685 336 1748 autem,
349 1680 378 1736 ia
394 1680 506 1753 Spiritu
527 1685 638 1736 sancio.
655 1685 727 1739 Cum
748 1699 817 1756 ergo
832 1681 929 1754 ipsum
985 1680 1055 1752 quia
1065 1679 1093 1735 in
1106 1679 1156 1735 illa
1168 1678 1355 1751 simplicitate
1367 1676 1471 1733 divina
1482 1679 1594 1732 nature
1605 1689 1712 1737 uene!

102 1771 188 1826 tertio
199 1770 330 1836 dixisset,
345 1769 489 1841 adjunxit,
502 1771 556 1842 ipsi
564 1770 653 1841 picria
664 1771 694 1826 in
705 1771 806 1827 sumtu
819 1771 931 1828 carulo
945 1806 969 1871 Β
985 1786 1086 1841 sapere
1102 1786 1190 1842 quam
1207 1784 1282 1837 esse,
1293 1783 1346 1823 nec
1366 1765 1446 1823 uliud
1466 1781 1531 1822 esse
1546 1781 1637 1838 quam
1649 1778 1712 1837 pont

102 1877 174 1925 rura,
192 1860 285 1914 Arnen.
298 1857 351 1923 Qui
367 1858 446 1914 enim
469 1875 525 1914 non
547 1858 619 1914 dicit
638 1859 721 1930 ipsis,
734 1860 785 1916 scd
801 1859 856 1933 ipsi
868 1876 875 1914 ι
887 1859 931 1915 di·
986 1857 1065 1913 aliud
1082 1873 1166 1928 posse
1182 1873 1270 1926 quam
1287 1854 1391 1911 vivere.
1404 1854 1511 1910 Eadem
1527 1853 1567 1909 ibi
1586 1848 1712 1926 sapienti

102 1950 194 2004 cende
205 1951 249 2002 ter
259 1947 367 2018 ipsura,
379 1947 512 2002 distinxit
523 1965 674 2020 personas,
686 1953 715 2003 et
726 1949 931 2022 subjungendo
985 1946 1123 2012 essentia,
1138 1945 1240 2001 eadem
1255 1943 1315 2000 vita
1330 1961 1393 2015 quar
1418 1948 1447 1999 et
1468 1942 1605 2011 essentia,
1622 1945 1659 1998 et·
1671 1939 1712 2003 lu

102 2036 158 2108 ipsi
170 2035 274 2109 gloria,
285 2052 343 2091 non
356 2034 454 2092 divisit
463 2038 691 2093 substantiam.»
702 2039 737 2094 Et
747 2038 851 2094 beatus
862 2038 931 2093 Pau·
986 2034 1034 2089 nia
1046 2051 1149 2101 uuum,
1162 2037 1190 2089 ct
1201 2051 1278 2088 urias
1289 2037 1375 2088 Deus.
1387 2032 1435 2087 Sic
1446 2036 1476 2086 ot
1487 2048 1522 2087 ne
1532 2031 1712 2103 majestate,1

35 2120 40 2124 ’
103 2124 182 2180 linus
196 2123 391 2196 Aquileiensis
412 2126 579 2197 patriarcha
595 2126 625 2181 in
641 2126 715 2181 libro
730 2130 832 2182 contre
844 2160 845 2164 κ
857 2126 930 2182 Feli·
985 2126 1092 2188 taisel
1104 2116 1712 2194 p0¹0813l0=d⁰0ffl11lb11⁸quoesubfllffltill

103 2230 165 2270 cem
183 2214 337 2281 :aSaucta
361 2212 466 2286 inquit,
492 2213 635 2271 catholica
660 2219 747 2287 utque
770 2214 931 2288 apostolica
985 2211 1043 2268 Deo
1059 2210 1205 2287 dicuntur,
1217 2209 1442 2283 intelligendum
1464 2212 1554 2281 atquc
1579 2207 1712 2267 tuendas

103 2301 244 2369 Ecclesia,
256 2318 319 2374 qum
335 2301 515 2359 licetintoto
526 2303 566 2358 sit
576 2304 645 2358 orbe
655 2307 800 2359 terrarum
811 2303 928 2371 diffusa,
984 2301 1019 2356 st
1039 2300 1108 2355 item
1132 2299 1193 2354 baec
1218 2316 1307 2372 prava
1335 2302 1424 2370 atquc
1452 2295 1712 2372 perversassotlm

103 2408 162 2447 una
176 2394 274 2446 tamen
290 2395 334 2446 cst
348 2391 443 2446 amica
459 2391 569 2463 spousi,
590 2391 723 2462 proxima
737 2397 767 2448 ct
781 2391 928 2459 columba,
984 2387 1142 2445 contexuit.

102 2497 167 2553 quse
184 2479 288 2552 pennis
301 2480 498 2552 deargentatis
513 2480 588 2537 sacri
603 2479 712 2552 eloquii
729 2479 854 2554 refulget
869 2480 931 2554 pul·
1372 2531 1410 2587 vl

103 2567 280 2634 chr-itudine,
295 2571 324 2624 et
346 2569 374 2623 in
401 2567 510 2642 pallore
526 2567 589 2624 auri
605 2569 767 2642 posteriore
789 2570 854 2642 ejus
878 2586 930 2642 per
1413 2574 1420 2587 '

103 2661 187 2713 recta
202 2656 269 2712 fidoi
285 2656 441 2730 puritatem
462 2656 605 2725 clarescit,
617 2657 773 2714 confitetur
795 2663 928 2715 sanctam
1017 2663 1045 2724 ÷
1064 2681 1077 2707 «
1095 2657 1177 2714 Sicut
1191 2658 1280 2724 enirn,
1293 2657 1440 2730 inquiens,
1458 2658 1534 2714 Deus
1549 2656 1712 2717 Trinitas!

102 2745 309 2802 etineffabilen
331 2746 503 2802 Trinitatem
519 2746 549 2801 in
573 2745 694 2803 unitate.
708 2745 793 2804 Salva
818 2747 930 2804 scilieet
983 2768 997 2796 a
1014 2745 1173 2818 singularis
1188 2751 1242 2813 est,
1258 2748 1350 2817 Juxta·
1366 2745 1450 2814 illud,
1472 2745 1626 2802 benedicta
1645 2745 1712 2803 sita

102 2834 347 2892 inconfusibiliter
362 2835 538 2907 proprietate
558 2852 763 2908 personarum,
778 2837 927 2909 insepara-
983 2859 997 2886 a
1014 2835 1154 2900 Trinitas,
1166 2835 1208 2892 sic
1222 2835 1311 2892 etiarn
1322 2835 1437 2892 numeri
1451 2834 1621 2909 singularis,
1633 2839 1712 2910 step«

101 2925 190 2982 bilem
205 2925 401 2981 substantiam
417 2925 581 2981 confitetur.
596 2925 639 2980 lta
655 2942 726 2982 sanc
738 2928 771 2981 ut
785 2924 860 2982 alius
871 2943 929 2983 cre·
982 2947 997 2975 a
1014 2924 1092 2981 trina
1105 2924 1208 2981 deitas.
1222 2947 1236 2974 a

102 3015 190 3079 datur
204 3015 297 3082 Pater,
310 3012 380 3086 quia
394 3013 478 3070 Pater
498 3018 553 3083 cst,
564 3014 614 3087 qui
634 3014 736 3087 genuit
750 3019 928 3071 coeternum
1017 3013 1070 3070 llP.
1088 3013 1161 3069 Hine
1176 3012 1251 3069 liber
1273 3017 1359 3068 sertae
1384 3012 1498 3086 synodi,
1515 3029 1567 3086 per
1583 3027 1670 3086 quem
1695 3029 1712 3071 a

101 3103 159 3174 sibi
174 3104 237 3159 sine
258 3107 389 3175 tempore
404 3106 433 3157 ct
448 3103 530 3158 omni
557 3102 641 3158 initio
666 3103 783 3170 Filium,
800 3109 828 3160 et
851 3103 928 3160 alius
981 3099 1147 3158 thescalcus
1161 3101 1235 3158 salso
1250 3101 1420 3172 redamavit,
1436 3105 1466 3158 et
1489 3118 1573 3158 suam
1596 3101 1708 3159 ialam

101 3193 238 3248 credatur
254 3190 352 3257 lilius,
362 3190 432 3262 quia
447 3190 538 3246 Filius
548 3190 659 3263 cst‚qui
676 3190 793 3264 genitus
805 3197 850 3248 est
864 3192 928 3248 sino
943 3175 965 3241 C
982 3189 1155 3246 confirmare
1171 3189 1357 3259 sententiam,
1371 3206 1440 3247 eum
1455 3189 1595 3248 falsitatis
1607 3189 1712 3266 rodun

102 3280 185 3335 initio
201 3295 218 3333 a
233 3279 326 3343 Patre,
343 3295 400 3331 raon
416 3278 557 3349 putative,
574 3278 624 3334 sed
640 3295 716 3344 vere,
732 3283 760 3333 ct
774 3278 850 3336 alius
865 3297 927 3336 cre·
981 3277 1133 3335 falsarium
1148 3280 1319 3352 comprobat
1336 3279 1367 3334 iu
1391 3295 1445 3335 sua
1460 3277 1542 3341 falsa,
1556 3278 1712 3352 interprete

101 3368 189 3422 datur
204 3366 332 3437 Spiritus
347 3370 477 3430 sanctus,
490 3364 540 3437 qui
556 3365 683 3439 Spiritus
698 3370 819 3424 sanctus
832 3374 887 3435 est,
899 3373 927 3425 et
982 3367 1031 3438 qui
1056 3366 1156 3425 volens
1178 3386 1295 3425 vomere
1321 3369 1400 3441 quod
1427 3384 1485 3424 uou
1513 3366 1640 3440 glutivit,
1659 3374 1712 3445 apd

102 3455 216 3510 aPatre
232 3453 361 3525 Filioque
377 3454 529 3524 procedit:
546 3459 647 3510 cinon
670 3458 715 3510 est
735 3454 815 3511 aliud
832 3456 924 3526 Pater,
982 3455 1090 3511 trinam
1110 3457 1248 3513 deitatem
1272 3457 1479 3530 interpretatus
1493 3459 1551 3513 est·
1563 3456 1636 3511 Nam
1662 3452 1712 3513 itin

102 3541 181 3610 aliud
211 3541 312 3608 Filius,
340 3541 420 3598 aliud
450 3541 578 3614 Spiritus
607 3546 736 3612 sanctus,
754 3545 805 3601 sed
833 3563 926 3602 unum
981 3544 1012 3599 in
1027 3545 1138 3600 unitate
1153 3545 1282 3611 deitatis,
1299 3563 1362 3618 que
1384 3549 1429 3603 est
1454 3543 1554 3601 unitas
1568 3542 1712 3601 Trinitatis

101 3635 171 3687 sunt
186 3630 421 3704 inseparabiliter
436 3631 519 3686 Pater
533 3635 561 3686 et
577 3631 668 3688 Filius
679 3631 844 3705 otSpiritus
858 3652 926 3691 sau·
982 3632 1084 3705 recipit
1112 3651 1279 3704 numerum,
1296 3652 1349 3691 nec
1378 3651 1585 3707 quemcunque
1613 3633 1712 3707 adjeci

101 3724 176 3776 ctus.
193 3722 256 3776 Nou
282 3738 360 3775 unus
375 3720 426 3774 sed
443 3737 545 3786 unum,
562 3720 632 3792 quia
655 3720 712 3777 alia
734 3726 779 3778 est
802 3740 927 3796 persona
981 3722 1232 3778 demonstrantem
1248 3723 1460 3795 pluralitatem.
1472 3723 1535 3778 Non
1556 3722 1596 3778 ita
1614 3726 1652 3778 ut
1664 3721 1712 3781 iat

102 3808 205 3874 Patris,
219 3808 276 3863 alia
293 3808 367 3873 llilii,
385 3808 442 3863 aliu
466 3807 594 3879 Spiritus
618 3810 710 3864 suncti
729 3828 735 3865 :
753 3811 802 3867 sed
825 3829 883 3867 una
898 3817 926 3869 ct
980 3811 1712 3879 taturGotbescalcus,intellixitilictorinusrhetot

100 3895 231 3966 arquatis,
243 3899 272 3949 et
286 3894 557 3964 consubstantialis
568 3900 597 3951 ct
607 3903 748 3952 coaeterna
761 3902 806 3954 cst
821 3899 925 3967 Patris,
981 3898 1091 3966 Roma,
1106 3904 1136 3955 et
1159 3900 1298 3973 magister
1322 3900 1400 3957 beati
1424 3900 1590 3973 Hieronymi
1614 3899 1712 3961 scribe

101 3981 224 4055 Filiique
239 3987 267 4038 et
282 3983 410 4055 Spiritus
429 3983 523 4039 sancti
545 3984 749 4042 inenarrabilis
765 3985 926 4044 divinitatis
981 3987 1144 4044 Candidum
1155 3988 1712 4061 Artenam,perconctustoncsetexten

100 4073 251 4143 majestas,
264 4071 334 4144 quin
349 4090 425 4128 uaris
438 4077 483 4127 cst
499 4072 586 4128 Deus,
599 4073 740 4129 Unionem
753 4092 880 4147 numque
895 4078 925 4132 in
981 4077 1138 4133 dialecticae
1163 4095 1195 4134 ae
1221 4078 1372 4134 rhetorice
1386 4076 1558 4151 disciplinae,
1575 4094 1639 4150 qua
1663 4093 1712 4151 qm

100 4161 229 4217 essentis
239 4161 423 4225 confitemur,
434 4160 594 4217 trinitatem
606 4179 671 4218 vero
687 4162 716 4217 in
733 4180 924 4235 personarum
981 4167 1067 4222 morlo
1083 4166 1142 4223 sibi
1153 4172 1281 4240 cognate
1293 4172 1372 4234 suut,
1384 4184 1468 4224 suam
1484 4165 1618 4223 heresim
1630 4167 1712 4227 cosa

100 4249 274 4307 discretione
289 4250 519 4322 predicamus.»
980 4253 1131 4323 nitentem,
1149 4256 1250 4311 codem
1280 4257 1366 4313 modo
1392 4272 1459 4312 cum
1484 4255 1639 4311 verborum
1669 4271 1712 4315 aot

135 4340 169 4394 tlt
184 4346 303 4395 sanctus
317 4339 459 4397 alcuinus
474 4357 509 4395 cx
522 4339 618 4395 verbis
633 4339 710 4395 beati
725 4341 881 4414 Augustini
896 4342 925 4399 in
981 4344 1084 4400 Graeca
1099 4343 1217 4416 linguas,
1228 4344 1264 4400 de
1288 4345 1370 4400 Patre
1384 4347 1413 4400 et
1429 4343 1500 4400 Filio
1523 4348 1552 4399 et
1576 4342 1712 4417 Spiritu-t

100 4427 174 4482 libro
189 4429 248 4498 (tib.
268 4429 323 4485 ide
339 4431 426 4494 Tria,
443 4445 501 4500 cap.
517 4428 544 4499 8)
560 4429 597 4484 ad
623 4428 760 4485 Carolum
785 4431 925 4503 Magnum
980 4432 1074 4505 ipsius
1090 4433 1270 4505 impietatem
1286 4433 1431 4502 refellens,
1446 4438 1476 4489 et
1489 4435 1646 4490 destruens
1661 4416 1712 4491 iit

100 4515 305 4585 imperatorem
326 4517 397 4571 dicit
414 4535 448 4570 :a
465 4515 623 4588 Quidquid,
648 4516 795 4590 iuquiens,
813 4520 848 4574 ad
870 4521 924 4577 sci·
939 4541 964 4605 D
980 4525 1042 4576 tera
1054 4539 1060 4577 :
1073 4545 1087 4572 κ
1105 4522 1163 4589 Sic,
1179 4521 1285 4594 inquit,
1302 4523 1425 4579 istorum
1441 4521 1531 4578 trium
1557 4538 1648 4577 unum
1675 4526 1712 4579 et

100 4620 187 4675 psum
201 4603 308 4658 dicitnr
323 4606 410 4668 Deris,
423 4609 451 4660 rt
466 4607 502 4661 de
518 4605 642 4678 singulis
660 4607 793 4678 personis
805 4608 922 4678 dicitur,
978 4609 1712 4684 existentiamunadivinitas,etnonmultifidamau'

100 4692 182 4747 Patre
197 4697 225 4747 ct
241 4692 312 4747 lilio
334 4699 363 4748 et
385 4694 495 4765 Spiritu
522 4699 634 4763 sancto,
650 4700 679 4751 et
705 4695 793 4752 simul
810 4698 845 4754 de
861 4697 925 4770 ipsa
979 4704 1008 4754 et
1022 4699 1078 4754 tria
1094 4702 1238 4766 unum,et
1261 4717 1353 4754 uuum
1373 4700 1440 4767 tria,
1455 4704 1484 4756 st
1507 4705 1550 4756 ter
1574 4715 1669 4755 unum
1694 4703 1712 4757 tt

99 4779 252 4847 Trinitate,
264 4798 322 4835 non
339 4780 554 4854 [tlurulitcnsed
569 4783 924 4855 singularitcrdicendum
978 4785 1055 4842 idem
1067 4791 1097 4842 ct
1109 4804 1200 4842 uuum
1216 4792 1245 4842 et
1259 4787 1354 4844 solum
1365 4792 1443 4844 est.»
1454 4790 1488 4845 bt
1502 4788 1561 4844 veri
1576 4787 1684 4844 Graecas
1699 4786 1712 4844 l

99 4875 152 4926 esi.
170 4868 312 4934 Quoniam
338 4870 444 4943 quippe
469 4890 525 4926 non
550 4871 630 4927 aliud
655 4878 700 4928 est
723 4875 780 4929 Deo
805 4893 879 4945 esse,
896 4882 926 4934 et
979 4874 1675 4949 interpratescpisutomabspostotieaaaemta
1687 4893 1712 4950 pt

99 4959 477 5030 alirrdmagnumcsse,rel
494 4961 572 5015 aliud
590 4961 923 5029 esse,etaliudbonurn
978 4969 1081 5020 sancta
1110 4970 1192 5020 serta
1218 4966 1328 5036 syuodo
1357 4965 1600 5038 receptissimam,
1617 4963 1712 5023 utdia

98 5064 173 5115 esse,
186 5048 235 5103 sed
251 5047 305 5103 boe
323 5049 397 5103 idern
417 5048 455 5103 itti
473 5055 555 5104 estet
570 5067 633 5104 esse
648 5054 677 5104 rt
691 5068 832 5123 magnum
848 5070 922 5120 esso,
978 5053 1071 5108 sancti
1084 5053 1237 5125 Sophronii
1255 5054 1509 5128 lliorosolymitaui
1520 5053 1649 5127 episcopi
1665 5051 1712 5111 iat

98 5143 126 5192 et
141 5155 205 5193 esse
220 5140 249 5192 ct
263 5138 373 5192 bonum
385 5155 459 5199 esse
474 5143 626 5211 propterca
636 5138 713 5194 sicut
724 5157 781 5195 nou
797 5139 924 5197 dicimus
977 5146 1084 5210 tantos,
1101 5159 1158 5196 nou
1175 5142 1251 5198 trina
1269 5144 1320 5198 sed
1338 5147 1382 5199 tor
1396 5142 1579 5216 interpretati
1593 5145 1675 5212 sunt,
1691 5159 1711 5201 ο

98 5229 157 5281 tres
173 5227 253 5292 eleos,
267 5243 319 5282 ncc
335 5232 394 5282 tros
409 5227 563 5292 essentias,
580 5226 623 5281 sic
645 5243 702 5281 non
719 5226 844 5285 dicimus
865 5232 923 5288 tres
977 5229 1170 5286 thematizant
1185 5230 1251 5286 illos
1264 5232 1315 5304 qui
1335 5231 1408 5289 illud
1428 5236 1473 5288 ter
1487 5249 1545 5287 non
1561 5235 1641 5287 recto
1655 5247 1712 5288 seu

99 5314 327 5383 rnagnitudincs,
341 5333 392 5370 nce
408 5320 465 5370 tres
480 5315 635 5382 bonitates,
649 5314 698 5368 sed
715 5332 807 5370 unum
819 5316 923 5385 Deum,
977 5317 1123 5390 telligunt,
1134 5324 1163 5375 et
1178 5318 1284 5375 trinam
1300 5321 1436 5376 deitatem
1448 5321 1560 5387 dicunt,
1571 5319 1712 5377 sicutim

99 5416 186 5455 urtam
204 5405 413 5471 essentialium
429 5421 516 5459 uuam
533 5401 777 5473 magnitudinem,
790 5408 818 5459 ct
833 5422 922 5461 unam
978 5412 1060 5462 sexta
1074 5408 1184 5480 syuodo
1199 5408 1375 5480 continetur,
1386 5409 1435 5465 ubi
1452 5408 1561 5465 dieitur
1576 5425 1606 5465 :a
1625 5407 1712 5471 Nam

100 5485 269 5546 bonitatem.
281 5517 294 5541 a
306 5494 340 5548 bt
355 5494 431 5566 quod
455 5490 612 5564 Apostolus
635 5490 676 5545 ait
692 5507 698 5544 ι
716 5491 853 5549 Christum
875 5495 924 5550 uer·
977 5513 1046 5567 ergo
1060 5497 1145 5551 beata
1159 5497 1287 5552 Trinitas
1303 5515 1361 5553 non
1375 5497 1522 5566 essentiis,
1535 5514 1592 5554 nou
1609 5495 1712 5555 netad

110 5571 226 5630 arettae
241 5581 265 5648 (l
279 5581 339 5636 Cor.
354 5600 373 5650 1,
390 5582 446 5652 24),
460 5588 486 5636 et
499 5580 549 5637 Dei
562 5580 735 5650 sapientiem,
749 5597 807 5636 non
822 5579 864 5637 ita
879 5582 922 5638 in·
978 5583 1099 5640 diversis
1115 5583 1283 5652 deitatibus,
1300 5585 1421 5645 trinisve
1440 5585 1707 5657 centurionibus,
