3810 6098
364 429 366 433 y
408 359 461 423 DE
481 360 596 423 REGtS
617 361 798 425 PEESssNlr
819 360 871 425 E‘l'
893 362 1011 439 EEGJO
1033 362 1272 427 Mlarsrotuo.
1634 364 1698 433 8³0

75 488 175 551 mlum
190 508 249 549 nou
263 489 389 560 timaret,
406 491 507 548 diceus
524 509 530 548 :
546 493 641 550 Nonne
656 495 704 565 qot
713 501 738 549 tc
751 493 814 551 edc-
829 493 858 561 Α
871 493 962 562 cium,
972 493 1100 550 animam
1110 496 1175 566 ejus
1185 500 1282 551 tamen
1291 498 1696 567 commendatissimum

76 580 162 647 oco,
177 579 288 636 oderem
304 581 375 648 illos,
392 589 418 636 et
431 597 512 652 seper
527 582 653 638 tnbnicos
668 589 726 639 loos
740 581 813 638 tobe-
869 582 894 636 ei
911 581 1016 638 seculo
1031 587 1216 654 parceretur:
1234 584 1318 656 cujus
1334 582 1446 641 alcone
1460 586 1546 643 occisi
1562 592 1695 646 acaetcro

75 673 116 727 a?
138 672 259 742 Perfecto
288 670 349 726 odio
377 671 487 727 octcrccm
517 672 589 739 illos,
615 672 724 727 inimici
748 672 815 743 fecti
869 686 989 743 corpore
1004 671 1179 743 discerptam
1198 689 1317 727 manum
1335 673 1417 728 cauis
1429 674 1528 730 intulit
1540 677 1694 746 mensis,ln

75 759 145 815 mibi
165 759 253 826 (Psoi.
271 761 537 827 cxnsm11,21‚22).
565 759 701 815 inimicos
725 758 813 815 etiam
869 757 977 831 quibus
996 759 1205 816 convivabatur
1221 761 1381 832 aposlolus.
1393 761 1444 818 Cui
1461 763 1611 835 scripturae
1626 763 1695 823 licet

75 847 180 907 arrecto
196 847 262 903 odio
277 848 373 903 odisse
387 852 442 915 est,
460 849 494 904 ad
512 849 589 919 quod
606 848 673 904 sacti
690 853 759 904 sunt
773 849 815 904 di·
869 847 954 905 nobis
979 864 1036 903 non
1062 848 1177 904 eredere
1194 865 1200 902 :
1219 866 1275 904 nou
1292 849 1370 904 enim
1386 854 1430 905 est
1446 850 1475 904 in
1490 849 1632 908 catholico
1646 869 1694 908 ca·

78 977 86 1003 ,
102 939 132 993 et
147 937 225 1008 quod
241 937 352 992 fociant
366 935 528 1009 increpare,
545 954 641 992 mores
657 954 812 1010 pravorum
868 952 944 991 nono
956 953 963 991 τ
976 934 1018 992 illi
1038 940 1136 991 tamen
1151 954 1215 992 com
1233 941 1262 993 ot
1274 936 1386 1009 legunt,
1399 941 1428 992 et
1442 942 1584 1010 tanquam
1599 936 1694 995 incor-

75 1039 129 1093 sta,
144 1023 209 1080 viter
225 1026 373 1096 prodesse.

867 1111 1032 1184 corporales
1044 1113 1261 1186 vindictaeque
1273 1120 1342 1169 suut
1352 1113 1382 1169 in
1391 1114 1487 1169 Veteri
1494 1116 1692 1183 Testamenta,

75 1182 168 1243 mll-
186 1216 220 1225 ·-
237 1185 312 1253 thl
334 1188 422 1270 &meli
437 1187 491 1241 viri
504 1186 544 1269 (td,
555 1185 742 1268 incutiendam
755 1201 811 1241 W·
867 1199 966 1256 nescio
976 1217 1034 1273 quo
1044 1201 1172 1257 cecitate
1189 1201 1329 1258 acerrime
1344 1203 1538 1274 saeviuntque
1555 1203 1654 1260 animo
1665 1207 1694 1261 et

156 1263 214 1312 tum
228 1273 286 1313 reos
300 1265 385 1313 remote
393 1274 459 1328 Jore
472 1266 641 1329 poenicei-cot.
867 1305 926 1360 qua
936 1289 1142 1345 distributione
1156 1294 1321 1363 temporum
1336 1292 1416 1347 lacta
1431 1291 1636 1348 sunt'omniuo
1648 1308 1695 1348 ne-

78 1380 184 1437 senim
196 1379 290 1436 sancti
300 1379 424 1446 viri,non
437 1379 532 1434 solum
548 1378 651 1434 talium
665 1378 812 1434 amicitias
867 1376 1003 1435 seientes.
1015 1378 1172 1434 Toncbitur
1186 1396 1254 1451 ergo
1270 1379 1299 1434 in
1314 1379 1369 1435 hoc
1384 1379 1560 1451 injuriarum
1576 1397 1691 1453 genera,

75 1472 160 1535 nant,
172 1468 221 1524 sed
239 1470 275 1524 ad
291 1468 493 1524 incutiendum
509 1467 673 1523 vivemibus
688 1472 811 1534 melum,
866 1465 944 1536 quod
956 1483 1008 1539 por
1017 1464 1174 1522 vindictam
1185 1465 1287 1536 luitur,
1300 1467 1353 1524 iste
1364 1485 1381 1523 a
1392 1467 1692 1536 Christianismodus,

79 1556 149 1629 iura
159 1573 225 1612 reos
237 1556 813 1630 mortepunieruntsicutheatusAugus-
867 1558 899 1608 ut
912 1557 1030 1625 accepta
1045 1553 1154 1625 injuria
1176 1572 1234 1610 non
1255 1559 1358 1628 surgat
1372 1554 1401 1610 in
1417 1554 1528 1624 odium,
1546 1556 1596 1613 sed
1612 1556 1692 1612 intir-

76 1645 108 1703 in
122 1644 197 1702 libro
208 1647 243 1701 dc
254 1646 393 1701 Sermone
404 1645 519 1701 Domini
535 1645 565 1700 iu
581 1650 679 1701 monto
694 1647 812 1701 demon·
867 1641 978 1697 mitatis
993 1642 1194 1699 misericordia
1210 1648 1330 1716 paratus
1345 1645 1384 1699 sit
1399 1643 1518 1700 animus
1533 1642 1619 1717 plura
1630 1661 1693 1718 per·

83 1733 187 1809 dicens
202 1734 412 1805 (ttaecapeo)
429 1750 436 1788 ι
451 1757 465 1783 a
483 1733 578 1807 Magni
595 1739 623 1789 ct
637 1734 731 1789 sancti
746 1733 810 1802 viri,
866 1730 936 1802 peti,
953 1746 1005 1787 uec
1028 1732 1240 1804 correptionem
1266 1731 1404 1805 negligat,
1421 1749 1479 1804 qua
1491 1730 1537 1788 vol
1553 1731 1688 1802 consilio,

868 1022 1069 1096 ruptissimam
1080 1023 1322 1097 verissimamque
1333 1024 1541 1098 honorant,qui
1554 1026 1694 1083 adversus
1784 1046 1789 1056 ¹

75 1823 227 1896 moplime
240 1822 349 1879 scirent
363 1827 486 1878 mortem
502 1821 667 1895 istamque*
681 1823 809 1878 animam
826 1858 851 1922 B
866 1818 910 1875 vel
926 1819 1108 1888 auctoritate,
1124 1820 1166 1876 vel
1184 1825 1324 1893 potestate
1339 1819 1381 1876 uti
1397 1825 1502 1893 polest.
1520 1843 1534 1871 a

76 1912 812 1985 vitacorpore,nouosselormidandam‚secundum
866 1944 934 2000 ΕΜ).

75 1999 811 2072 ttamenanimarumquiillamtimercut,nonnulla

75 2092 103 2147 ts
111 2094 204 2145 morte
215 2089 445 2162 punierunt,quo
456 2089 656 2145 etvivcntibus
667 2088 811 2145 utilisme·

75 2181 233 2245 nutaretur,
246 2183 274 2233 et
284 2177 344 2233 illis
354 2179 404 2250 qui
419 2182 512 2234 morte
528 2177 734 2249 puniebantur,
752 2195 809 2234 non

75 2281 138 2325 sors
149 2271 274 2332 noceret,
284 2267 332 2322 sed
346 2267 588 2338 peccatum,quod
600 2266 699 2338 augeri
711 2270 811 2339 posset

75 2359 161 2412 trent.
179 2354 241 2410 Nou
258 2358 366 2410 temere
381 2353 423 2408 illi
434 2354 621 2424 judicabant,
633 2355 809 2427 quibustale

75 2443 511 2501 umoonaveratbeus.1ndoast
521 2444 598 2515 quod
611 2443 688 2500 Elias
700 2442 808 2500 multos

98 2532 205 2598 allecit,
229 2535 257 2587 et
281 2531 399 2604 propria
426 2549 514 2587 mortu
531 2534 579 2600 (iil
594 2535 657 2601 1th.
674 2532 765 2604 xviri),
781 2536 809 2589 et

78 2618 222 2679 divinitus
253 2621 406 2692 impetrato
423 2622 466 2690 (W
482 2623 547 2693 lteq.
564 2625 595 2688 1),
612 2639 679 2676 cum
705 2625 733 2676 et
758 2621 807 2677 alii

75 2752 78 2773 ,
96 2712 127 2767 et
140 2709 231 2764 divini
248 2709 344 2781 magni
361 2708 415 2763 viri
431 2710 533 2764 certem
547 2708 652 2781 spiritu
667 2707 808 2780 tranquil-

75 2797 184 2854 irebus
200 2797 337 2852 humanis
354 2814 411 2853 uon
427 2802 535 2852 temere
552 2796 680 2853 iecerint.
698 2802 736 2852 lle
749 2814 806 2869 quo

75 2902 127 2943 um
143 2888 309 2958 exemplum
331 2887 482 2942 dedissent
508 2886 643 2959 discipuli
671 2886 806 2952 Domino,

75 2980 246 3031 emorautes
276 2976 352 3046 quod
377 2975 413 3030 ab
433 2991 466 3030 oo
483 2975 592 3029 tactum
608 2974 656 3039 sit,
670 2978 704 3029 ut
718 2974 805 3029 etiam

75 3062 152 3120 leret
177 3067 350 3135 potestatem
374 3062 490 3135 petendi
507 3063 541 3117 de
557 3061 628 3117 caelo
645 3063 752 3135 ignem,
769 3063 805 3118 ad

75 3151 197 3209 mandes
206 3167 255 3206 cos
266 3151 315 3223 qui
329 3150 385 3206 sibi
396 3148 556 3222 hospitium
567 3167 625 3205 non
633 3151 804 3222 preberent,

75 3239 170 3299 rendit
186 3240 215 3295 iu
231 3240 272 3294 eis
297 3238 449 3302 bantinus,
467 3256 524 3294 non
550 3238 715 3311 exemplum
740 3256 806 3309 pro-

76 3376 79 3381 .
106 3327 211 3393 sancti,
238 3328 288 3383 sed
319 3327 514 3399 ignorantiam
541 3324 718 3392 vindicandi,
744 3344 806 3399 quae

75 3453 77 3466 ι
105 3422 170 3473 erat
191 3417 220 3472 in
245 3417 380 3484 rudibus,
406 3416 642 3472 animadvertens
670 3433 720 3472 eos
748 3433 806 3471 nou

75 3524 81 3560 i
109 3506 332 3577 correptionem,
355 3506 403 3561 sed
430 3505 496 3560 odio
520 3504 686 3561 desiderare
713 3504 806 3561 vindi·

75 3593 151 3668 [Luc.
168 3593 217 3664 ur).
235 3595 336 3665 ltaque
352 3598 542 3665 posteaquam
559 3611 608 3649 eos
624 3592 723 3648 docuit
735 3592 805 3665 quial

75 3680 195 3754 diligere
210 3682 376 3754 proximum
393 3686 534 3753 tanquam
551 3682 692 3754 seipsum,
708 3680 806 3737 intuso

82 3769 197 3843 Spiritu
212 3775 415 3841 sancto,quom
426 3771 526 3825 docem
539 3768 642 3825 diebus
653 3768 806 3841 completis

75 3858 259 3917 soeusionem
275 3875 360 3914 suam
371 3859 497 3929 desuper
505 3862 536 3913 ut
546 3856 807 3929 promiseratmisit

75 3950 111 4017 1),
138 3964 195 4003 uon
225 3947 383 4002 doluerunt
407 3946 479 4002 tales
502 3946 646 4013 vindicta,
672 3946 807 4017 quamvis

88 4034 187 4093 rarius
202 4052 288 4107 quam
307 4036 336 4090 in
352 4035 446 4091 Veteri
463 4036 660 4090 Testamenta.
673 4034 714 4089 lbi
726 4034 805 4090 cuim

75 4122 135 4196 iore
146 4128 227 4196 parte
239 4124 398 4179 servientes
407 4122 511 4178 timore
521 4122 728 4193 premebantur
740 4140 746 4178 :
758 4122 807 4178 hie

75 4256 80 4269 ,
95 4212 225 4269 maxima
240 4211 394 4267 dilectione
406 4211 488 4266 libori
504 4209 719 4265 nutriebantur.
732 4211 805 4266 Nam

75 4300 114 4359 tis
132 4300 256 4372 apostoli
273 4300 358 4367 Petri,
370 4300 497 4354 Ananias
508 4304 536 4354 et
550 4315 624 4353 uxor
637 4299 713 4370 ojus,
729 4299 807 4354 sicut

75 4388 147 4447 riuus
161 4388 359 4460 apostolorum
375 4388 512 4459 legimus,
529 4386 679 4442 exanimes
695 4387 805 4443 cocide-

75 4493 130 4535 noc
156 4474 322 4533 resuscitati
347 4479 425 4543 suut,
443 4476 493 4531 sed
513 4474 618 4547 sepulti
635 4475 701 4541 (rtet.
716 4479 755 4544 v).
772 4475 807 4531 Et

75 4562 173 4622 slibro
190 4564 382 4636 haretici‚qui
397 4563 588 4618 adversantur
602 4568 631 4617 et
644 4561 739 4618 Veteri
756 4564 806 4618 Tc·
824 4585 845 4648 ὓ

76 4658 141 4719 uto,
154 4652 392 4720 uoluntcredore,
405 4650 525 4707 Paulum
542 4650 708 4723 apostolum
719 4668 807 4723 quem

75 4758 136 4799 cum
152 4741 254 4814 legunt
272 4740 453 4806 intueantur,
470 4741 614 4796 dicentem
630 4740 665 4795 de
681 4741 807 4812 quodam

75 4840 149 4889 bre:
166 4834 250 4899 Qucon
260 4832 363 4887 irretiat
377 4831 489 4887 Sirornco
504 4832 534 4885 io
549 4832 691 4885 irctcrttom
704 4831 808 4896 cientis,

75 4922 131 4979 tna
157 4922 235 4976 sotio
259 4923 296 4974 sit
319 4923 343 4986 (l
369 4922 429 4974 t'er.
447 4938 473 4985 v,
489 4920 527 4985 5).
554 4918 626 4973 Etsi
645 4917 747 4972 nolunt
763 4917 810 4972 hic

75 5024 110 5063 *m
125 5007 286 5082 intelligere
303 5009 438 5078 (sortasse
468 5007 546 5062 enim
576 5006 720 5060 incertum
744 5008 809 5077 est),

75 5086 811 5168 libetvindielamperSalonamiactanrebApostolo

75 5186 134 5239 itur
150 5200 156 5238 :
174 5185 253 5256 quod
268 5201 325 5239 non
341 5199 406 5238 eam
422 5183 487 5238 odio
503 5181 554 5237 sod
577 5198 675 5236 amore
697 5180 810 5247 iecisse,

75 5271 233 5329 'estatillud
243 5272 400 5344 adjectum,
416 5273 549 5326 teterrimo
562 5269 640 5325 sulm
653 5271 766 5325 sibilat
782 5269 810 5323 iu

75 5359 154 5435 ibris,
165 5360 272 5432 quibus
285 5360 340 5432 ipsi
357 5377 494 5432 magnum
512 5358 646 5413 tribuunt
660 5357 812 5414 auctorita-

75 5448 301 5506 tnimadvertant
312 5450 390 5521 quod
402 5447 591 5514 dicimus‚ubi
604 5448 811 5519 scriptumest,

75 5536 153 5595 olum
183 5538 326 5593 Thomaur
355 5538 549 5609 imprecatum
579 5536 813 5607 certioresque

75 5642 258 5700 apsrcussus
274 5631 360 5694 essct,
377 5624 565 5682 atrocissimae
581 5624 684 5680 retortis
700 5624 812 5698 suppli-

949 1944 1044 2000 XXIV.
1061 1977 1095 1985 -
1110 1946 1200 2027 (laced.
1214 1945 1336 2028 occidere
1359 1947 1497 2002 bominem
1518 1962 1574 2001 noo
1588 1961 1693 2018 saepen

1158 2033 1338 2072 crnnrnosom
1351 2019 1397 2072 sit.

901 2132 982 2197 Quod
999 2131 1129 2187 occidere
1145 2130 1293 2187 hominem
1303 2149 1487 2203 noasemper
1500 2131 1692 2188 criminosum

865 2219 913 2284 sit,
930 2220 980 2276 sed
1004 2218 1117 2274 uralitia
1142 2236 1200 2274 non
1225 2218 1339 2292 legibus
1354 2221 1486 2277 occidere
1499 2219 1692 2277 criminosum

864 2308 914 2379 sit,
931 2305 1074 2380 quianon
1092 2309 1200 2363 luctum
1216 2307 1245 2362 iu
1259 2307 1526 2380 tutibus,quouiaru
1543 2306 1691 2365 interdum

864 2402 892 2451 ot
909 2394 1044 2461 rocto'lit,
1061 2396 1112 2452 sed
1129 2396 1247 2451 animus
1263 2398 1340 2453 mole
1355 2397 1511 2452 consulens
1524 2397 1693 2465 daurnetnr,

862 2484 1046 2558 Augustinus
1061 2483 1090 2538 in
1107 2483 1180 2540 libro
1197 2486 1232 2540 de
1248 2485 1368 2541 Ciuitate
1384 2485 1433 2541 llei
1450 2485 1691 2554 dernoustrat,di-

863 2592 933 2629 caus
945 2589 952 2627 :
964 2596 978 2623 «
992 2573 1100 2645 Siquis
1115 2573 1226 2628 bouum
1244 2574 1390 2644 putaverit
1404 2592 1467 2631 esse
1483 2574 1561 2646 quod
1576 2572 1688 2629 maium

862 2667 917 2727 est,
931 2664 959 2716 et
968 2660 1134 2717 leceritboc
1145 2661 1285 2732 putando,
1297 2661 1399 2732 utique
1413 2666 1522 2733 peccat,
1535 2666 1565 2718 et
1574 2679 1609 2717 ea
1618 2665 1689 2718 suut

862 2748 961 2806 auimo
984 2753 1103 2822 peccata
1132 2747 1448 2821 ign01·amia,quaa‹1e
1471 2749 1597 2821 quisque
1613 2750 1687 2806 bens

862 2837 924 2894 fieri
936 2839 1020 2909 putat
1034 2837 1112 2909 quod
1128 2835 1204 2891 mulo
1220 2838 1262 2890 tit.
1274 2836 1314 2890 De
1322 2835 1489 2891 occidendis
1504 2834 1685 2903 homiuibus,

862 2944 898 2983 ne
908 2927 945 2983 ab
956 2925 998 2982 eis
1009 2924 1166 2998 quisquam
1178 2924 1337 2991 occidatur,
1348 2942 1406 2980 non
1423 2922 1495 2979 mibi
1509 2923 1604 2996 placet
1614 2940 1686 2979 con-

862 3015 972 3085 silium,
989 3014 1044 3070 nisi
1071 3014 1144 3069 sorte
1169 3013 1207 3068 sit
1227 3012 1321 3080 miles,
1340 3016 1390 3068 aut
1405 3011 1523 3086 publica
1538 3010 1687 3068 functione

862 3107 1005 3169 teneatur,
1015 3107 1047 3158 ut
1060 3119 1118 3157 non
1130 3119 1180 3173 pro
1192 3119 1223 3156 se
1235 3100 1288 3156 hoc
1304 3101 1401 3166 iaciat,
1416 3100 1468 3156 scd
1484 3117 1535 3173 pro
1550 3099 1626 3169 aliis,
1641 3097 1687 3155 vel

821 3209 913 3286 Cpro
929 3191 1054 3257 civitate,
1071 3191 1120 3245 ubi
1147 3188 1235 3246 etiam
1260 3188 1321 3261 ipsc
1345 3194 1398 3257 ost,
1415 3192 1534 3260 accepta
1556 3186 1691 3262 legitima

863 3283 1016 3353 potestate,
1028 3279 1052 3332 si
1064 3279 1127 3350 ejus
1147 3277 1282 3350 corrgruit
1297 3295 1436 3349 persona.
1449 3276 1503 3343 Qui
1514 3294 1580 3333 vero
1593 3275 1687 3350 repel-

861 3369 963 3425 luntur
985 3368 1084 3441 aliquo
1109 3371 1218 3422 terrore
1235 3383 1271 3421 ue
1285 3366 1360 3422 male
1376 3366 1494 3433 iaciant,
1509 3366 1598 3422 etism
1614 3365 1688 3439 ipsis

862 3457 972 3530 aliquid
990 3456 1112 3533 lori-asse
1124 3458 1287 3527 praestatur.
1301 3456 1372 3510 lliirc
1388 3459 1486 3511 autem
1502 3456 1686 3524 dictumest,

861 3547 920 3602 Noe
935 3548 1093 3601 resistemus
1110 3545 1180 3600 imile
1196 3544 1301 3613 (ltnttb.
1318 3562 1344 3612 v,
1360 3546 1418 3612 39),
1435 3561 1471 3600 ne
1485 3561 1536 3600 ros
1559 3542 1688 3601 vindicta

861 3635 993 3701 delecte-t,
1011 3652 1075 3705 quae
1100 3633 1193 3688 alieno
1219 3632 1296 3688 malo
1312 3632 1443 3688 animum
1460 3632 1564 3705 pascit,
1581 3648 1639 3688 uon
1655 3636 1688 3689 ut

861 3721 1068 3780 correctionem
1085 3721 1237 3777 bominum
1255 3721 1448 3796 negligamus
1465 3743 1480 3772 s

861 3849 916 3904 Cir
946 3846 1027 3903 XXV.
1055 3878 1089 3886 —
1117 3848 1213 3919 lthcm
1241 3849 1401 3919 ioiqooram
1427 3854 1603 3904 correctorem
1631 3861 1689 3903 csse

1208 3927 1338 3989 operere.

897 4035 970 4090 Hinc
981 4037 1102 4089 sanctus
1117 4033 1279 4105 Cyprianus
1292 4033 1320 4088 in
1331 4050 1407 4087 nono
1423 4031 1579 4088 tonsionis
1594 4031 1686 4105 gradu

861 4120 932 4176 dicit
944 4120 1014 4192 (cop
1025 4121 1054 4187 9)
1066 4136 1072 4176 :
1091 4141 1105 4169 a
1117 4121 1225 4191 Regem
1241 4127 1431 4176 correctorem
1444 4120 1612 4191 iniquorum
1623 4135 1688 4175 esse

860 4213 997 4281 oportet-z
1015 4209 1103 4264 debet
1129 4208 1207 4263 lurta
1235 4207 1379 4273 cohibere,
1398 4205 1544 4261 adulteria
1569 4205 1686 4278 punire,

862 4297 968 4370 impios
984 4296 1020 4353 de
1034 4302 1110 4352 terra
1132 4296 1263 4369 perdere,
1282 4293 1444 4367 parricidas
1459 4299 1488 4349 et
1503 4294 1686 4365 perjurantes

860 4385 954 4443 vivere
965 4402 1022 4443 non
1034 4384 1140 4442 sinere.
1155 4407 1168 4433 n
1180 4385 1214 4439 Et
1224 4384 1293 4439 item
1306 4383 1382 4438 idem
1394 4384 1463 4455 (cop.
1478 4380 1520 4452 11)
1536 4398 1542 4436 :
1563 4404 1578 4432 a
1591 4380 1686 4437 Unde-

861 4468 1688 4546 cimusgramusabusionisestptobssinodisciplina'ques

862 4565 933 4619 dum
949 4562 1110 4634 disciplinas
1133 4558 1392 4617 exercitationibus
1407 4576 1466 4615 non
1482 4558 1580 4627 servit,
1595 4559 1689 4615 Deum

863 4652 973 4722 absque
994 4649 1156 4721 disciplina
1186 4648 1280 4721 rigore
1310 4665 1367 4703 nou
1392 4646 1497 4703 evadit.
1513 4645 1689 4705 Sicutouim

863 4739 963 4795 tunica
973 4743 1066 4794 totum
1078 4755 1185 4809 corpus
1196 4736 1305 4810 tegitur
1316 4742 1419 4810 prater
1438 4733 1588 4809 caputiis
1602 4734 1689 4792 disci·

864 4828 944 4901 plina
952 4827 1049 4883 onrrris
1059 4826 1197 4893 Ecclesia,
1209 4829 1313 4897 prater
1323 4824 1555 4898 Clu·istum‚quia
1563 4822 1692 4881 Ecclesia

864 4922 893 4970 et
908 4916 963 4972 sub
978 4914 1134 4987 disciplina
1159 4915 1223 4986 ejus
1251 4913 1409 4985 proteritur
1430 4919 1459 4970 et
1477 4917 1607 4970 ornatur.
1624 4913 1692 4985 lpsa

866 5022 932 5061 sero
944 5004 1042 5060 tunice
1053 5008 1187 5059 contexta
1202 5005 1328 5075 desuper
1338 5003 1432 5059 luerat
1441 5020 1492 5075 per
1503 5007 1606 5067 totum,
1622 4999 1691 5072 quia

866 5095 960 5151 eidem
974 5091 1108 5148 Ecclesia
1119 5092 1276 5164 disciplina
1286 5110 1303 5147 a
1314 5091 1437 5147 Dorrrino
1451 5092 1487 5146 de
1502 5089 1573 5146 coelo
1585 5087 1689 5144 tribui-

867 5188 915 5238 tur
930 5187 958 5237 et
984 5182 1158 5252 integratur.
1176 5181 1289 5236 Tunica
1318 5179 1396 5235 enim
1426 5177 1556 5249 corporis
1580 5175 1689 5231 Christi

866 5269 1022 5343 disciplina
1032 5268 1164 5325 scelesta
1175 5273 1228 5324 est.
1242 5269 1294 5335 eri
1307 5273 1403 5322 ailitem
1415 5269 1494 5320 entra
1504 5262 1690 5336 disciplinam

866 5365 920 5425 est,
936 5357 1049 5415 alienus
1066 5377 1081 5412 u
1096 5375 1215 5429 corpore
1241 5356 1348 5411 eluisti
1372 5358 1426 5409 est.
1443 5353 1504 5408 Non
1520 5351 1691 5408 scindamus

868 5449 957 5519 igit-nr
980 5444 1072 5509 illam,
1089 5446 1139 5499 soil
1166 5444 1325 5499 sortiamur
1340 5443 1375 5495 de
1389 5440 1448 5496 illa.
1465 5439 1527 5493 Nou
1543 5437 1692 5495 solvamus

868 5536 1031 5610 quidquam
1042 5536 1078 5589 de
1089 5532 1236 5588 mandatis
1248 5528 1365 5595 eluisti,
1378 5529 1428 5583 sed
1445 5527 1650 5600 uotisquisque
1661 5526 1691 5583 in

868 5642 926 5697 quo
941 5628 1060 5680 vocatus
1075 5626 1129 5688 est,
1146 5621 1174 5674 in
1190 5637 1223 5675 oo
1240 5620 1411 5691 permaneat
1426 5616 1503 5690 apud
1519 5615 1623 5673 Deum.
1641 5638 1656 5665 ι)
