3810 6098
60 327 146 393 tlte

563 328 616 390 DE
636 327 764 391 CAUSA
785 323 996 390 'l'EU'lEltllll
1019 327 1277 393 PRESBYTERI.

1690 320 1771 398 titt

63 463 187 529 duntur,
197 458 228 518 iu
243 459 336 536 gradu
349 460 545 519 ecclesiastico
561 477 679 518 manere
694 478 752 517 non
768 459 890 533 permit·
904 457 933 528 Α
947 461 1102 534 Propterea
1116 461 1267 535 Scriptura
1282 463 1353 521 dicit
1368 481 1375 520 ε
1390 469 1585 524 loramentum
1611 466 1681 540 qaod
1696 471 1773 542 epre-

64 554 177 608 tantur.
194 572 209 602 a

99 639 169 696 Gar.
186 638 233 695 lV.
251 637 282 696 Si
304 639 473 695 'leutfridus
497 638 651 695 confessus
673 638 718 695 vel
743 638 891 694 convictus

63 728 163 797 luerit,
175 726 277 784 relicto
292 726 490 784 ecclesiastico
501 727 625 798 judicio,
641 728 677 783 ob
693 727 891 784 defensionem

62 816 107 875 vel
124 815 329 890 purgationem
345 831 431 872 suam
446 815 589 888 palatium
605 816 759 889 expetisse,
769 816 892 874 inioron·

63 907 137 964 dum
147 904 190 960 illi
201 904 362 977 capitulum
375 905 566 961 undecimum
581 905 754 963 Antiocheni
765 903 890 961 concilii:

64 1019 79 1047 a
95 995 127 1052 Si
142 993 210 1067 quis
222 992 388 1066 episcopus,
405 999 457 1049 aut
471 995 633 1068 presbyter,
645 998 697 1050 aut
713 993 837 1067 quilibet
851 1011 894 1050 re-

64 1083 140 1160 gula
156 1082 319 1155 subjectus,
337 1081 552 1148 ecclesiastice,
562 1087 666 1156 prater
681 1081 836 1139 consilium
848 1081 892 1139 vel

64 1172 180 1230 litterae
194 1170 400 1245 episcoporum
415 1171 569 1244 provincia
584 1176 612 1229 et
626 1171 771 1245 prreoipue
784 1175 891 1228 metro·

64 1259 199 1336 politani,
214 1259 320 1317 adierit
345 1260 552 1333 imperatorem
566 1260 611 1317 vel
627 1277 735 1334 regem,
752 1260 831 1317 huno
847 1277 893 1316 re·

64 1348 184 1422 probari
194 1353 223 1404 et
233 1347 320 1419 abjici
331 1353 535 1421 oportere,non
544 1348 638 1405 soluni
651 1349 891 1419 ceommunione,

945 552 993 619 uit,
1010 559 1035 608 et
1048 551 1134 623 sordue
1146 552 1217 624 qaod
1240 555 1440 625 praevaricatus
1465 563 1516 623 est,
1530 573 1633 628 porram
1648 558 1679 612 in
1693 564 1774 630 caput

945 639 1005 712 ejus
1019 639 1124 708 (Escclr.
1134 640 1214 712 xvir).
1227 641 1367 714 Legimus
1377 642 1455 698 enim
1466 643 1638 700 Sedecbiam
1654 649 1772 719 captum

946 728 1069 784 ductum
1091 745 1154 784 esse
1169 728 1199 783 in
1223 729 1378 796 RebIatha,
1394 730 1493 804 ibique
1521 731 1681 789 interiectis
1704 734 1773 791 liliis

946 821 1162 882 excecatumet
1169 816 1263 874 instar
1274 819 1338 874 iera
1350 817 1485 876 clausum
1497 821 1772 888 cavea,translatum

946 906 977 961 in
993 905 1169 979 Babylonem
1189 908 1237 976 (W
1250 909 1318 981 ch.
1334 908 1410 980 xxv).
1428 909 1488 964 Rex
1516 907 1623 981 quippe
1652 910 1773 984 Babylo-

947 992 1025 1059 nius,
1041 999 1075 1050 ut
1089 995 1192 1051 beatus
1215 995 1372 1070 Gregorius
1398 997 1518 1070 exponit
1533 997 1639 1069 (ilorci.
1656 997 1707 1055 lib.
1721 1016 1772 1068 vu,

946 1083 1069 1155 oap.13),
1086 1086 1129 1138 est
1144 1082 1285 1156 antiquus
1302 1083 1407 1150 bostis,
1420 1100 1574 1158 possessor
1588 1083 1698 1141 intima
1708 1087 1774 1143 con·

948 1170 1082 1238 lusionis,
1093 1170 1143 1244 qui
1154 1171 1236 1243 prius
1247 1171 1322 1228 lilios
1333 1177 1399 1228 ante
1415 1172 1558 1230 intuentis
1573 1173 1674 1230 oculos
1688 1174 1775 1231 truci·

946 1260 1006 1328 dat,
1025 1258 1093 1332 quia
1109 1276 1184 1332 sape
1200 1258 1242 1315 sic
1256 1260 1334 1316 bona
1358 1277 1445 1332 opera
1468 1260 1606 1317 interficit
1618 1267 1653 1319 ut
1666 1263 1728 1320 hac
1743 1279 1775 1321 se

947 1348 1081 1406 amittere
1107 1347 1169 1420 ipse
1195 1347 1244 1420 qui
1270 1352 1373 1420 captus
1398 1349 1559 1406 estdolens
1575 1354 1684 1408 cernat.
1701 1352 1775 1408 Nam

64 1439 115 1495 sed
132 1441 162 1494 et
177 1438 213 1493 ab
227 1436 347 1504 bonore,
365 1437 451 1509 cujus
467 1437 614 1510 particeps
628 1439 744 1495 videtur
758 1438 891 1511 existere,
947 1435 1449 1510 bonagignitplerumqueanimus,
1461 1442 1598 1494 ettamen
1609 1440 1705 1496 carnis
1716 1457 1775 1496 suas

64 1514 301 1600 quiavenerandi
314 1525 455 1598 principis
465 1526 894 1584 auribusmolestiamtentavit
947 1524 1189 1582 delectationibus
1199 1525 1294 1581 victus
1311 1525 1387 1581 bono
1403 1543 1466 1598 qure
1482 1526 1584 1601 genuit
1598 1545 1702 1584 amans
1713 1546 1777 1601 por

64 1615 174 1672 interro
185 1612 267 1684 circa
282 1612 361 1687 leges
375 1613 522 1670 Ecclesia.
539 1615 569 1672 Si
585 1616 676 1689 igitur
690 1617 772 1673 adire
788 1615 893 1690 princi·
947 1616 1001 1683 dit,
1018 1619 1047 1671 et
1062 1631 1126 1687 qum
1141 1614 1252 1687 patitur
1278 1615 1388 1670 damna
1417 1615 1592 1683 considemt,
1610 1633 1663 1673 nec
1678 1621 1775 1674 tamen

65 1721 133 1777 pem
148 1701 315 1759 necessaria
343 1719 433 1758 causa
460 1702 599 1776 deposcit,
617 1705 671 1761 boc
697 1710 802 1779 agatur
823 1722 891 1762 cum
946 1701 1065 1758 virtutis
1080 1699 1233 1758 brachium
1255 1705 1357 1757 eontra
1372 1718 1469 1776 regem
1486 1703 1678 1777 Babylonium
1690 1705 1776 1765 levat.

64 1796 192 1851 tractatu
222 1795 251 1847 et
274 1790 395 1847 consilio
425 1792 653 1865 metropolitani,
670 1799 698 1851 st
721 1800 891 1852 ceterorum
948 1792 1002 1849 Sed
1016 1792 1087 1846 dum
1102 1791 1204 1847 videns
1218 1790 1355 1863 nequitiae
1372 1792 1587 1865 perpetratione
1602 1795 1775 1866 percutitur,

65 1881 272 1955 episcoporum
282 1879 331 1952 qui
342 1878 481 1937 ineadem
496 1882 647 1953 provincia
661 1889 892 1954 commorantur,
949 1882 985 1937 ad
1000 1881 1055 1937 boc
1070 1881 1246 1953 quandoque
1267 1880 1377 1953 peccati
1393 1897 1452 1937 usu
1467 1882 1646 1954 perducitur,
1663 1889 1697 1940 ut
1711 1883 1776 1958 ipse

64 1970 117 2044 qui
133 1968 223 2025 etiam
236 1967 470 2041 proticiscentem
486 1970 549 2026 suis
564 1977 781 2043 prosequantur
791 1973 895 2046 episto·
949 1986 1065 2043 quoque
1082 1969 1204 2031 rationis
1219 1968 1330 2025 lumine
1346 1969 1485 2042 privetur.
1502 1970 1585 2027 Unde
1599 1971 1777 2044 Babylonius

65 2058 132 2115 lis.»
144 2057 181 2113 Et
189 2056 434 2129 Carthaginenses
445 2074 571 2115 canones
582 2060 710 2132 capitulo
721 2078 797 2119 nono
808 2063 893 2136 (coac.
948 2076 1008 2127 rex,
1023 2058 1175 2115 exstinctis
1199 2057 1282 2131 prius
1306 2056 1387 2127 filiis,
1404 2057 1550 2115 sedechiae
1572 2060 1672 2117 oculos
1685 2062 1773 2132 eruit,

67 2147 196 2217 Cantus.
212 2162 255 2215 nr,
272 2161 298 2201 c.
311 2145 339 2218 9)
357 2162 364 2201 :
382 2169 395 2196 a
413 2145 563 2220 Quisquis,
578 2147 726 2222 inquiunt,
740 2151 894 2225 episcopo·
950 2148 1020 2222 quia
1035 2146 1184 2220 malignus
1200 2145 1499 2220 spiritus,subductis
1510 2147 1593 2219 prius
1609 2148 1695 2206 bonis
1710 2167 1779 2223 ope·

67 2232 435 2307 rum‚presbyterorum,et
444 2235 635 2292 diaconorum
646 2254 698 2295 seu
709 2237 893 2311 clericorum,
950 2237 1042 2306 ribus,
1054 2240 1159 2310 postet
1170 2234 1370 2308 intelligentia
1381 2233 1480 2290 lumen
1494 2235 1584 2291 tollit.
1602 2238 1684 2304 Quod
1699 2242 1779 2296 recte

66 2341 137 2382 eum
152 2323 183 2378 in
205 2321 328 2378 ecclesia
352 2321 463 2380 crimen
488 2324 514 2381 ei
537 2325 626 2382 luerit
648 2327 895 2396 intentatumvel
951 2325 1109 2384 Sedecbias
1138 2324 1168 2379 in
1198 2322 1342 2379 Reblatha
1369 2322 1489 2396 patitur.
1507 2323 1650 2381 Reblatba
1669 2325 1778 2402 quippe

67 2411 163 2470 civilis
173 2428 263 2469 causa
273 2411 361 2468 fuerit
376 2417 533 2480 commota,
544 2415 568 2470 si
585 2414 683 2472 relicto
699 2417 896 2476 ecclesiastico
949 2415 1039 2471 matta
1052 2415 1112 2472 ltaec
1126 2412 1346 2484 interpretatur.
1360 2412 1392 2468 Ei
1408 2411 1486 2467 enim
1502 2413 1679 2487 quandoque
1694 2419 1723 2473 et
1736 2416 1780 2473 lu·

64 2500 179 2576 judicio
192 2498 319 2572 publicis
339 2501 462 2572 judiciis
484 2504 603 2578 purgari
628 2504 762 2575 voluerit,
779 2507 895 2565 etiamsi
951 2520 1019 2559 men
1035 2500 1157 2559 rationis
1173 2499 1330 2565 clauditur,
1345 2499 1396 2572 qui
1411 2517 1500 2573 pravo
1515 2517 1572 2558 usu
1586 2519 1621 2559 ex
1635 2502 1778 2577 iniquita-

66 2607 121 2666 pro
132 2590 197 2663 ipso
209 2588 296 2646 luerit
311 2589 425 2663 prolata
438 2591 594 2660 sententia,
606 2591 704 2650 locum
714 2611 801 2650 suum
813 2597 898 2652 amit·
951 2591 990 2648 tis
1000 2608 1060 2647 sua
1076 2589 1265 2645 multitudine
1279 2593 1426 2662 gravatur.
1440 2589 1506 2645 Hac
1520 2590 1620 2647 omnia
1631 2592 1713 2664 justo
1726 2593 1778 2651 Dei

68 2683 124 2749 tat,
140 2682 170 2735 et
184 2678 239 2735 hoe
254 2678 284 2734 in
300 2678 515 2737 criminalibus.
533 2680 564 2736 ln
593 2681 671 2737 civili
698 2699 765 2739 vero
794 2685 897 2756 perdat
947 2679 1061 2753 judicio
1077 2677 1256 2752 patitur,qui
1267 2678 1471 2748 juramentum
1486 2677 1517 2732 in
1532 2679 1778 2738 nomineDomini

71 2769 150 2843 quod
167 2768 261 2837 evicit,
276 2767 302 2825 si
317 2769 415 2825 locum
430 2786 518 2826 suum
538 2769 669 2827 obtinere
682 2770 814 2829 voluerit.
833 2796 847 2823 a
862 2774 898 2830 Et
952 2767 1166 2842 prevaricatus,
1179 2766 1319 2838 quoniam
1330 2766 1380 2838 qui
1391 2765 1552 2822 contemnit
1562 2767 1777 2839 juramentum,

69 2862 193 2918 unctus
213 2859 269 2914 Leo
286 2875 361 2931 papa
371 2860 461 2929 (epist.
477 2859 535 2929 96),
551 2863 580 2915 et
595 2861 724 2933 synodus
740 2861 872 2918 Romana
888 2879 895 2918 ε
952 2863 986 2913 ut
1001 2857 1103 2912 beatus
1131 2854 1203 2910 dicit
1230 2854 1435 2925 Hieronymus,
1452 2852 1550 2927 ipsum
1580 2855 1704 2928 despicit
1726 2873 1779 2930 per

72 2968 88 2998 a
103 2947 264 3003 censemus
278 2951 311 3003 ut
333 2947 512 3020 quicunque,
530 2949 725 3021 pretermisso
750 2951 898 3008 sacerdote
952 2961 1041 3018 quem
1053 2944 1173 3015 juravit,
1189 2942 1292 3015 illique
1307 2942 1378 2999 lacit
1398 2942 1549 3014 injuriam,
1565 2944 1651 3016 cujus
1665 2945 1777 3002 nomini

69 3034 897 3108 ecclesiasure,addisceptationemveneritsaecularium,
953 3034 1078 3092 credidit
1105 3032 1300 3100 adversarius,
1327 3033 1383 3089 boc
1412 3036 1466 3100 est,
1494 3030 1542 3088 illo
1570 3032 1617 3088 oui
1642 3034 1776 3105 ,iuratum

70 3123 164 3182 sacris
191 3122 343 3179 liminibus
370 3124 677 3198 expulsus,acoelesti
707 3133 841 3185 arceatur
856 3131 897 3186 al·
953 3123 1042 3180 estin
1059 3122 1254 3194 nomineejus
1268 3121 1317 3195 qui
1334 3121 1505 3177 dicitzlloa
1533 3124 1653 3193 occipias
1679 3140 1779 3181 nomen

68 3212 156 3267 turio.
173 3232 188 3260 a

105 3299 174 3356 Gar.
189 3298 224 3353 V.
240 3299 270 3355 Si
297 3299 468 3358 'leutfridus
496 3303 648 3360 convictus
673 3304 717 3360 vel
743 3308 896 3365 confossus

68 3387 168 3456 inerit,
180 3389 257 3461 quod
268 3389 423 3447 manifeste
441 3390 485 3447 vel
501 3391 652 3465 ingeniose
667 3393 815 3466 proximos
827 3413 896 3453 suos

67 3476 98 3533 in
110 3476 274 3550 perjurium
285 3477 412 3548 induxit,
425 3480 579 3536 sciendum
590 3486 644 3547 est,
657 3482 725 3555 quia
739 3486 782 3539 tot
798 3486 895 3557 perju-

67 3565 179 3623 riorum
195 3582 264 3624 reus
276 3572 330 3635 est,
347 3572 420 3641 quot
434 3568 570 3626 homines
592 3569 737 3628 malitiose
752 3571 781 3628 in
797 3575 895 3647 perju-

67 3655 146 3711 rium
157 3653 282 3724 induxit,
293 3659 323 3712 et
337 3657 435 3729 majus
452 3663 604 3730 peccatum
618 3659 685 3716 inde
701 3660 750 3717 ille
765 3660 828 3734 ipse
844 3663 895 3719 ba·

66 3742 119 3800 bet
132 3759 222 3816 quam
238 3742 279 3800 illi
297 3746 347 3817 qni
356 3762 408 3819 pro
417 3762 450 3803 eo
461 3746 525 3820 ipso
538 3753 658 3821 rogante
669 3750 897 3824 juraveruntsi·

67 3837 118 3889 eut
128 3831 269 3894 Dominus
280 3832 403 3906 loquens
413 3835 449 3890 ad
461 3834 585 3892 Pilatum
596 3837 893 3906 manifestatdicens:

66 3923 127 3996 Qut
140 3920 255 3978 aedidit
268 3938 312 3978 me
325 3924 481 3996 &tamajus
493 3933 633 3997 montom
647 3928 892 3996 bubetooamxrx).

64 4010 102 4067 Et
111 4013 232 4066 sanctus
248 4010 406 4084 Gregorius
421 4012 456 4068 de
471 4012 642 4085 hujusmodi
657 4014 687 4069 in
700 4015 841 4072 Pastorali
853 4034 895 4073 re-

64 4098 137 4173 gula
145 4101 229 4171 (part.
237 4116 280 4169 111,
288 4100 343 4173 ab)
354 4100 439 4156 dicit:
451 4123 466 4151 «
473 4101 553 4158 Scire
563 4102 642 4158 enim
652 4103 762 4174 prelati
774 4105 892 4177 debent,

913 3197 935 3264 G
953 3216 1064 3272 nomene
1078 3215 1127 3270 na·
1142 3214 1183 3268 roz·
1198 3214 1228 3267 sn
1243 3229 1355 3277 vaenum,
1371 3227 1459 3284 neque
1472 3212 1579 3284 portua
1594 3211 1665 3267 sum
1679 3213 1775 3280 (asoa

950 3308 1009 3373 xx).
1024 3303 1060 3360 Et
1076 3320 1082 3358 :
1101 3302 1200 3358 flectes
1215 3303 1329 3358 Domino
1339 3302 1500 3373 juramento
1514 3308 1561 3357 tuo
1575 3301 1676 3374 (daut.
1693 3305 1731 3370 v).
1743 3303 1779 3358 Et

951 3392 1084 3465 psalmus
1099 3390 1180 3458 dicit,
1197 3389 1282 3445 illum
1314 3390 1445 3445 futurum
1470 3388 1500 3444 in
1521 3387 1584 3445 loco
1600 3393 1713 3459 sancto,
1729 3391 1778 3463 qui

946 3482 1026 3553 jurat
1037 3482 1164 3553 proeium
1177 3487 1203 3535 ct
1216 3495 1272 3535 non
1286 3478 1386 3550 decipit
1400 3479 1484 3550 (Paul.
1500 3478 1569 3549 xiv).

986 3571 1054 3626 Car.
1063 3569 1111 3624 Vl.
1119 3569 1148 3625 Si
1159 3571 1257 3624 autem
1270 3568 1366 3624 dicero
1377 3566 1511 3634 voluerit,
1524 3567 1594 3639 quia
1604 3567 1776 3625 necessitate

950 3663 1068 3716 coactus
1078 3657 1151 3714 illud
1159 3658 1363 3729 juramentum
1375 3657 1469 3712 lacere
1475 3654 1576 3729 jussit,
1588 3656 1667 3728 quod
1677 3661 1775 3713 tamen

950 3765 1064 3806 servare
1080 3746 1176 3822 potuit
1191 3749 1220 3802 et
1234 3746 1346 3815 debuit,
1363 3750 1392 3803 et
1414 3746 1479 3802 ideo
1494 3761 1562 3801 reus
1581 3744 1699 3818 perjurii
1716 3761 1774 3802 non

949 3843 1093 3904 teneatur,
1111 3837 1213 3893 audiat
1234 3836 1304 3909 quid
1330 3840 1450 3892 sanctus
1473 3833 1631 3909 Gregorius
1646 3834 1724 3890 dicat
1739 3834 1774 3892 de

948 3927 999 3984 illo
1011 3927 1061 4000 qui
1078 3928 1170 3998 jurat,
1182 3924 1226 3981 vel
1242 3924 1472 3982 anathematizat
1487 3940 1493 3980 :
1518 3947 1532 3974 κ
1549 3922 1602 3989 Qui
1615 3923 1717 3994 jurare
1731 3922 1775 3980 rol

949 4014 1194 4071 anathematizare
1215 4013 1310 4081 debet,
1327 4018 1356 4069 et
1369 4013 1521 4070 blanditur
1542 4012 1607 4080 tibi,
1624 4013 1701 4085 quod
1716 4029 1773 4068 non

947 4108 1081 4160 teneatur
1100 4118 1177 4167 reus,
1190 4101 1216 4155 si
1237 4101 1441 4172 prevaricatus
1457 4101 1545 4156 suerit
1559 4100 1638 4172 quod
1650 4101 1771 4171 juravit,

64 4185 175 4260 quiesi
190 4204 326 4261 perversa
340 4205 471 4262 unquam
494 4195 671 4263 perpetrant,
689 4196 731 4247 tot
746 4194 892 4250 mortibus
946 4191 989 4249 vel
1006 4189 1271 4255 anathematizavit,
1287 4189 1357 4261 quia
1380 4188 1489 4244 invitus
1511 4187 1566 4243 boc
1590 4187 1659 4260 egit,
1676 4187 1700 4243 si
1721 4187 1771 4260 qui

63 4273 147 4348 digni
158 4277 892 4356 sunt,quotadsubditossuosperditionisexcmpla
947 4285 1016 4340 sunt
1027 4279 1076 4353 qui
1088 4279 1284 4351 dicant,quod
1299 4277 1469 4351 compulsus
1485 4276 1632 4348 quispiam
1650 4275 1773 4332 necessi-

62 4363 282 4421 tronsmittunt.
296 4365 378 4422 Unde
390 4383 509 4424 necesso
523 4371 577 4437 est,
589 4371 623 4423 ut
638 4372 718 4425 tanto
733 4386 765 4426 se
775 4371 891 4428 cautius
945 4376 1006 4429 tate
1021 4370 1046 4427 si
1060 4368 1349 4426 anathematizaverit
1364 4364 1560 4424 anathematis
1582 4364 1699 4420 vinculo
1711 4382 1770 4421 non

62 4449 184 4524 aculpa
198 4453 376 4522 custodiant,
393 4459 504 4527 quanto
529 4472 581 4529 per
595 4473 684 4529 prava
698 4475 762 4531 quae
778 4460 890 4516 iaciunt
945 4460 1048 4527 tenori,
1065 4457 1121 4533 ipsi
1149 4458 1206 4515 sibi
1234 4463 1323 4515 testes
1348 4461 1417 4513 sunt
1432 4455 1483 4528 qui
1500 4455 1554 4510 boo
1570 4454 1682 4522 dicunt,
1700 4453 1770 4527 quia

61 4554 123 4594 non
138 4539 192 4597 soli
208 4542 385 4611 moriuntur,
402 4545 453 4600 sed
473 4543 597 4601 aliorum
624 4545 800 4614 animarum,
817 4566 891 4621 quas
906 4565 929 4632 Ι)
945 4547 1104 4608 christiani
1115 4565 1171 4604 non
1183 4551 1261 4616 sunt,
1274 4545 1324 4619 qui
1341 4545 1499 4618 ligamenta
1513 4547 1619 4600 sancta
1634 4540 1770 4600 Ecclesia

60 4627 161 4702 pravis
170 4629 313 4703 exemplis
323 4632 540 4700 destruxerunt,
550 4634 591 4689 rei
600 4639 679 4691 aunt.
690 4658 704 4687 a
720 4637 756 4690 Et
770 4637 888 4711 presby·
943 4639 1028 4695 vanis
1042 4654 1074 4693 se
1083 4637 1231 4692 estimant
1245 4635 1398 4691 conatibus
1413 4632 1533 4702 solvere,
1546 4649 1579 4688 ao
1590 4648 1642 4705 per
1651 4632 1706 4690 boc
1718 4650 1770 4690 nec

58 4718 117 4782 tor,
128 4721 241 4789 quanto
256 4721 349 4793 gradu
366 4720 497 4794 quolibet
506 4721 673 4779 Christiano
682 4723 756 4781 laico
772 4730 817 4781 cst
828 4726 888 4783 cel·
943 4725 1158 4783 absolutionem
1174 4728 1280 4779 sancta
1295 4722 1533 4795 Ecclesiae,quam
1547 4726 1667 4795 praestat
1677 4722 1769 4779 udeli-

59 4802 132 4876 aior,
148 4809 232 4864 tanto
255 4807 344 4882 culpa
368 4809 447 4866 illius
462 4815 507 4867 est
520 4810 645 4883 gravior,
661 4812 755 4886 etqui
770 4813 888 4871 illorum
942 4817 999 4873 bus
1010 4831 1107 4871 veram
1123 4816 1237 4886 putant,
1250 4812 1274 4868 si
1287 4811 1430 4886 ligaturas
1444 4810 1614 4884 ejusvalere
1624 4828 1681 4867 non
1692 4811 1768 4867 asti-

59 4893 193 4968 peryurio
207 4900 253 4952 est
280 4897 445 4973 colligatus,
461 4899 492 4955 in
505 4898 622 4956 illorum
635 4905 681 4957 est
695 4903 824 4975 pery'urio
839 4920 888 4960 ca·
943 4907 1036 4960 mant.
1053 4903 1160 4959 Contra
1177 4918 1250 4975 qnos
1266 4900 1378 4969 diutius
1400 4901 1614 4974 disputandum
1638 4917 1696 4956 non
1712 4902 1766 4967 ost,

58 4985 141 5056 ptus,
157 5000 192 5040 ac
207 5001 260 5058 per
273 4986 328 5044 boo
343 4990 506 5045 secundum
528 4989 689 5062 capitulum
712 4992 887 5066 vigesimum
943 4993 1013 5066 quia
1023 4989 1180 5064 peromnia
1188 4989 1368 5062 despiciendi
1376 4989 1675 5047 etanatbemntizandi
1687 4993 1765 5055 sunt,

57 5071 201 5145 quintum
216 5077 445 5148 apostolicorum
460 5095 607 5134 canonum
623 5080 658 5135 de
671 5081 800 5152 perjurio
807 5081 887 5153 judi·
942 5083 1097 5138 etundese
1106 5078 1364 5135 fallerer'eritatom
1377 5081 1510 5151 credunt,
1523 5077 1626 5134 indein
1638 5076 1766 5150 peccatis

57 5160 765 5239 caudam.UndesanctusHieronymus,exponens
775 5171 888 5224 sentcn-
942 5171 1005 5227 suis
1019 5169 1160 5225 veraciter
1174 5167 1315 5242 ligantur,
1331 5186 1439 5241 eosque
1454 5172 1482 5224 et
1497 5184 1549 5240 ego
1562 5169 1591 5222 et
1605 5181 1707 5220 omnes
1721 5180 1767 5220 ca·

57 5248 298 5310 tiamEzecbielis
308 5255 888 5328 propbetadeprevaricatojuramentoa
941 5259 1041 5316 tholici
1059 5257 1199 5331 episcopi,
1215 5262 1304 5331 atque
1319 5255 1493 5314 universalis
1507 5253 1636 5311 Ecclesia
1646 5252 1766 5310 anathe-

57 5336 203 5396 Sedecbia
217 5357 284 5416 rege
310 5343 382 5399 dicit
398 5360 404 5399 :
420 5343 513 5400 Multo
529 5345 608 5400 enirn
625 5345 737 5402 fidelior
751 5345 887 5403 inventus
941 5348 1127 5415 matizamus,
1139 5345 1208 5418 quia
1217 5346 1329 5403 veritati
1346 5344 1492 5402 contraria
1501 5340 1642 5407 sentiunt,
1653 5344 1682 5396 et
1697 5357 1765 5397 con·

56 5429 104 5482 est
114 5425 164 5483 ille
175 5428 227 5502 qui
239 5436 358 5504 propter
372 5449 478 5489 nomen
489 5432 540 5489 Dei
557 5433 611 5489 tibi
627 5434 750 5491 credidit
764 5439 792 5491 et
802 5436 885 5492 deco·
940 5435 1030 5493 traria
1044 5434 1216 5506 loquuntur.
1236 5458 1249 5485 a

55 5519 127 5589 ptus
140 5521 197 5588 est,
213 5522 241 5575 te
256 5520 305 5594 qui
323 5538 374 5594 por
385 5523 569 5580 occasionem
594 5523 697 5579 divinar
724 5526 885 5597 majestatis
976 5521 1123 5580 Canvll.
1140 5520 1283 5578 Stantem
1312 5519 1424 5587 dixerit,
1441 5519 1518 5590 quod
1548 5517 1646 5590 plures
1669 5515 1764 5574 solent

55 5602 136 5663 boati
162 5612 224 5677 tuo,
240 5609 300 5668 imo
326 5611 390 5684 jam
421 5612 526 5684 amico,
542 5612 662 5669 molitus
690 5630 722 5670 es
751 5613 883 5671 insidias.
940 5613 1046 5682 dicere,
1063 5612 1133 5685 quia
1147 5626 1200 5683 per
1214 5610 1364 5685 ingenium
1378 5609 1479 5681 jurare
1490 5606 1590 5680 jussit,
1607 5623 1666 5668 non
1681 5610 1765 5682 putet
