3810 6098
67 298 121 361 385
421 294 472 355 bii
494 293 875 361 Paanasrluarloua
898 293 1160 356 nissbararlu
1181 295 1414 359 posterriora.
1710 299 1770 366 386

46 427 49 430 ’
67 429 234 504 opiscopus,
249 445 309 486 non
319 427 383 485 sine
399 426 559 501 placitavel
570 426 674 484 litteris
684 429 748 499 ejus
763 426 890 500 episcopi
906 427 933 495 Α
947 444 1009 495 arn,
1024 428 1082 495 26),
1099 427 1218 484 audient
1235 446 1242 484 ε
1260 431 1406 486 Discedere
1419 449 1438 487 a
1451 449 1506 501 me,
1520 436 1615 493 nescio
1633 438 1683 510 qui
1695 439 1768 497 sitis.

69 515 895 592 cojusfueratclerieusordinetur,concessaspecialiter
947 516 1049 571 hillino
1078 517 1166 573 etiam
1196 519 1362 574 addamus:
1387 522 1536 588 Quomodo
1565 524 1659 581 dicere
1689 531 1768 599 pote·

69 604 894 680 Carthaginensiileclesioenotanecessitatelieentialie-
948 610 1026 673 runt,
1044 604 1073 660 in
1102 607 1219 663 nomine
1249 609 1298 662 tuo
1327 609 1770 687 prophetavimusetinplateis

69 699 141 771 legat
154 696 286 769 deniqne
301 698 403 751 sanata
418 693 585 751 fraternitas
599 693 723 751 concilia
736 699 765 750 ot
778 694 896 751 decreta
949 694 1068 761 nostris,
1080 695 1191 751 scilieet
1201 696 1231 751 in
1243 695 1397 754 latitudine
1406 698 1491 755 nohis
1502 702 1652 758 commissi
1658 705 1768 776 populi,

71 785 242 844 aftomanis
272 783 461 857 pontificibus
490 782 636 839 celebrata
655 782 894 856 etpromulgata,
949 801 1000 857 per
1014 801 1068 841 nos
1082 783 1218 852 docuisti,
1234 785 1285 858 qui
1301 786 1429 843 scientiae
1444 787 1555 845 lumine
1570 790 1665 863 ignari
1683 793 1771 850 daces

69 873 194 933 molunt
204 874 235 929 in
246 872 356 931 Graecis
366 870 534 945 regionibus
550 873 666 928 decreta
680 871 813 936 concilia,
830 889 894 945 per·
949 877 1018 930 sunt
1047 874 1126 941 caci,
1155 892 1302 947 precones
1326 875 1425 933 muti‘l
1445 878 1529 944 Quod
1556 880 1771 952 subsequitur:

70 968 216 1023 scmtotur
230 964 261 1019 in
282 961 403 1029 Italicis,
419 960 548 1028 Gallicis,
565 960 755 1028 Germanicis,
771 959 895 1034 Belgicis
950 986 963 1012 a
978 961 1135 1035 minusque
1154 964 1318 1036 apostolicae
1334 966 1519 1039 praeceptioni
1534 967 1772 1042 appropinquan-

71 1053 230 1130 provinoiis
254 1056 337 1108 actas
360 1051 503 1124 synodos,
514 1055 544 1106 et
564 1050 660 1107 videat
676 1051 700 1107 si
717 1051 822 1107 desub
838 1049 895 1106 isto
949 1056 1004 1120 tes,
1020 1074 1034 1103 a
1051 1051 1105 1107 hoc
1121 1056 1165 1107 est
1182 1056 1280 1125 aperto
1296 1053 1391 1110 dicere
1408 1072 1415 1110 :
1432 1056 1557 1128 ideoque
1580 1057 1649 1114 boni
1675 1057 1772 1117 meriti

70 1142 135 1200 calo
150 1140 328 1214 hujusmodi
343 1139 507 1212 capitulum
521 1136 775 1210 comprovincialis
785 1141 895 1210 quanto
949 1139 1048 1208 alieni,
1065 1145 1093 1196 et
1115 1141 1311 1198 ordinattions
1335 1141 1458 1217 indigni.
1477 1146 1559 1211 Quod
1578 1145 1671 1203 dicit:
1689 1171 1703 1198 «
1722 1147 1774 1205 Per

70 1225 895 1306 nagisgeneralissynodiobtutibusunquamapostolioae
949 1229 1080 1285 civitates
1106 1229 1235 1303 episcopi
1264 1231 1448 1299 ordinantur,
1465 1249 1524 1305 qua
1543 1235 1695 1292 occasione
1710 1254 1772 1294 ma·

70 1321 146 1377 sodis
155 1319 290 1393 pontifex
305 1318 418 1375 dederit
427 1316 472 1374 vel
482 1317 607 1386 miserit,
623 1323 674 1373 aut
684 1317 762 1374 82⁰
772 1316 896 1388 quilibet
949 1317 1026 1374 xime
1036 1319 1118 1391 vigor
1128 1319 1345 1376 aeclesiasticus
1360 1320 1493 1392 deperiit,
1506 1345 1520 1373 a
1533 1341 1592 1380 noa
1607 1342 1659 1397 per
1673 1325 1772 1382 civita-

71 1412 282 1482 imperatorum
297 1424 352 1464 sua
366 1406 516 1464 sanctione
530 1406 640 1478 synodo
655 1410 836 1478 congregata
852 1404 895 1460 di·
949 1411 994 1462 tes
1008 1407 1137 1480 episcopi
1154 1408 1337 1476 ordinantur,
1354 1409 1405 1465 scd
1421 1426 1590 1481 pervasores
1609 1413 1771 1484 civitatum,

71 1495 558 1569 manavelsiqaaeiibetsynodus
569 1494 704 1562 ediderit,
717 1499 768 1550 aut
779 1495 802 1550 si
815 1493 895 1566 quis·
950 1497 1024 1552 821
1051 1500 1080 1552 et
1108 1496 1194 1552 alieni
1226 1496 1381 1552 ministerii
1411 1497 1569 1569 invasores,
1586 1504 1615 1558 at
1637 1503 1717 1559 fures
1739 1519 1773 1561 ac

71 1601 160 1659 quam
174 1584 382 1658 episcoporum
393 1583 504 1655 synodo
519 1586 695 1655 prasentare
711 1582 896 1654 unquamvel
949 1583 1087 1650 latrones,
1105 1603 1162 1641 non
1178 1587 1274 1642 dicam
1291 1587 1462 1643 mercenarii
1488 1589 1706 1660 exordinantur,
1722 1610 1774 1666 per

71 1691 198 1748 usquam
222 1673 454 1746 praesumpserit.
471 1673 529 1729 Nos
553 1689 605 1744 pro
628 1677 715 1740 certo,
731 1673 897 1729 inveritate
950 1690 1025 1747 quos
1053 1674 1134 1748 vigor
1162 1675 1377 1732 ecclesiasticus
1404 1678 1526 1749 deperit,
1540 1678 1591 1751 qui
1607 1681 1643 1735 ad
1657 1679 1711 1736 hoe
1723 1683 1773 1738 de-

71 1765 141 1820 seiat
156 1767 263 1820 sancta
277 1763 457 1829 fraternitas,
467 1779 519 1834 pro
538 1766 638 1818 nostra
653 1763 773 1836 speciali
788 1763 897 1834 injuria
912 1799 936 1865 B
951 1763 1075 1819 buerant
1087 1764 1215 1836 proferri
1237 1768 1268 1819 ut
1290 1764 1372 1838 vigor
1400 1765 1615 1824 ecclesiasticus
1629 1768 1658 1824 in
1675 1769 1773 1842 aliquo

69 1855 126 1913 aa
134 1870 197 1911 non
208 1852 349 1920 dicimus,
361 1851 445 1925 quia
466 1851 606 1908 fratribus
629 1851 747 1919 nostris,
766 1851 897 1926 Remigio
951 1851 1100 1925 delapsus,
1116 1869 1168 1925 per
1193 1851 1273 1925 ipsos
1296 1853 1441 1926 potuisset
1466 1855 1590 1925 restitui,
1606 1862 1634 1913 et
1648 1856 1678 1913 in
1694 1863 1773 1915 statu

70 1941 182 1998 seilicet
205 1940 362 1998 venerabili
387 1941 617 2013 archiepiscope,
633 1946 663 1997 et
676 1941 897 1999 honorabilibus
952 1958 1073 1997 manens
1088 1941 1218 1997 valenter
1233 1942 1384 1998 constitui.
1395 1943 1464 1998 Etsi
1480 1950 1601 2000 sanctus
1617 1945 1774 2018 Gregorius

70 2030 332 2087 consacerdotibus
360 2030 468 2086 nostris
497 2030 651 2103 provinciae
681 2031 896 2102 Lugdunensis,
951 2029 981 2084 in
997 2029 1118 2085 homilia
1133 2027 1281 2102 Evangelii
1295 2029 1409 2086 decima
1424 2031 1559 2104 septima,
1576 2050 1607 2088 se
1623 2051 1715 2090 unum
1731 2035 1773 2091 fa.-

70 2119 142 2176 illud
152 2117 357 2191 conscriptam
368 2135 554 2192 nequaquam
567 2119 657 2175 fuisse
668 2118 831 2175 certissime
841 2119 897 2175 sci·
952 2118 1032 2175 ciens
1046 2119 1082 2175 do
1097 2118 1144 2174 his
1159 2136 1284 2191 quorum
1309 2119 1454 2192 precipue
1468 2125 1585 2193 peccato
1601 2122 1713 2179 dixerat
1727 2125 1775 2198 agi

70 2214 184 2266 maaet
199 2207 361 2275 credimus,
377 2208 427 2281 qui
452 2225 555 2266 omnes
580 2207 623 2263 illi
639 2225 712 2280 pene
728 2223 899 2264 aesomnes
952 2209 1030 2281 quod
1047 2208 1172 2280 populus
1187 2207 1267 2264 iliius
1283 2208 1422 2281 temporis
1438 2209 1578 2279 interiret,
1596 2212 1631 2268 de
1646 2215 1774 2285 generali

70 2297 900 2371 abipsisannisJ'nvenilibuscognoverunt,etscientio·
953 2303 1070 2370 peceato
1091 2302 1269 2368 conquestus
1284 2301 1337 2360 cst,
1356 2316 1412 2354 non
1442 2304 1540 2373 tamen
1569 2301 1611 2357 sic
1638 2304 1775 2374 specialia

71 2389 130 2442 lam
147 2392 282 2443 nostram
308 2404 341 2443 aa
364 2387 612 2443 conversationem
638 2387 715 2443 sicut
739 2386 899 2442 familiares
953 2386 1086 2453 erimina,
1103 2390 1132 2441 et
1147 2386 1182 2440 da
1199 2386 1311 2454 merito,
1328 2392 1357 2442 et
1381 2387 1416 2442 dc
1439 2388 1594 2445 inscientia
1609 2394 1636 2445 et
1652 2392 1686 2446 de
1701 2393 1776 2448 ordi-

72 2476 260 2532 familiariter
270 2477 446 2543 didicerant,
459 2481 488 2532 et
498 2493 533 2531 ex
543 2475 651 2548 quihus
665 2475 802 2532 Ecclesiis
813 2480 900 2548 atque
953 2475 1070 2531 natione
1087 2473 1196 2544 illicita,
1213 2473 1435 2548 generalitatem
1460 2479 1645 2534 sacerdotum
1674 2482 1776 2537 redar-

72 2565 239 2635 ordinibus,
247 2570 278 2621 et
293 2564 419 2638 qualiter
433 2566 469 2621 ad
487 2582 638 2621 sunrmum
655 2565 850 2621 sacerdotium
864 2565 900 2621 si·
953 2564 1017 2637 guit
1033 2581 1040 2618 :
1057 2569 1085 2620 cl
1099 2564 1124 2620 si
1140 2565 1284 2637 quosdam
1313 2564 1411 2619 tacitis
1436 2566 1605 2623 nominibus
1622 2569 1657 2624 do
1673 2569 1775 2628 haerasi

74 2671 144 2710 mus
167 2654 266 2727 gratia
289 2654 387 2709 divina
416 2654 570 2725 assumpti,
588 2654 664 2710 sicut
679 2654 714 2710 dc
730 2654 900 2711 domesticis
954 2653 1120 2708 Simoniaea
1137 2652 1276 2726 corripuit
1297 2653 1396 2708 dicens
1409 2670 1415 2707 :
1427 2653 1516 2710 Vobis
1528 2656 1605 2712 enim
1617 2660 1775 2723 sacerdoti·

75 2743 282 2816 ignorarenon
292 2747 464 2815 potuerunt:
477 2743 660 2815 qualiterque
676 2743 857 2817 inregimine
873 2749 902 2800 et
954 2743 1010 2798 bus
1025 2741 1129 2814 lugens
1152 2740 1265 2813 loquor,
1281 2742 1351 2813 quia
1377 2742 1533 2800 nonnullos
1554 2750 1683 2802 vestrum
1707 2765 1775 2807 aum

74 2831 182 2887 sitast
206 2830 425 2889 conversatione
450 2838 479 2888 et
502 2831 625 2888 scientia
652 2836 741 2904 atque
768 2833 902 2891 doctrina
954 2830 1083 2903 praemiis
1094 2831 1189 2886 faeere
1199 2829 1397 2887 ordinationes
1417 2832 1685 2904 agnovimustlum
1699 2841 1777 2894 esset

75 2919 900 2994 degamusillisoccultarenecvolumnsnecvalemus.
954 2918 1083 2992 pontifex
1112 2918 1211 2991 primas
1237 2917 1315 2975 sedis
1340 2919 1444 2975 iatoto
1461 2923 1604 2977 terrarum
1621 2923 1700 2991 orbe,
1718 2942 1776 2980 non

75 3008 234 3082 inquibus
258 3009 337 3066 sicut
351 3009 380 3065 in
397 3009 579 3081 spiritalibus
600 3011 670 3067 viris
692 3012 849 3068 maximam
866 3013 902 3068 de
954 3024 1057 3063 omnes
1073 3006 1201 3079 generali
1215 3006 1387 3075 invectione,
1403 3006 1591 3081 interponens
1607 3011 1775 3082 norinullos,

74 3099 315 3155 nohisbabemus
334 3099 482 3168 fiduciam,
497 3116 622 3172 quorum
636 3104 666 3157 et
677 3101 767 3157 vitam
782 3101 899 3174 religio·
956 3097 1031 3152 siout
1041 3096 1096 3153 iste
1105 3096 1200 3152 ferula
1209 3096 1372 3170 magistrali
1382 3095 1445 3153 sino
1457 3097 1517 3167 ulia
1531 3099 1697 3172 exceptione
1713 3119 1777 3174 per·

73 3204 149 3256 sam,
160 3188 367 3247 etdoctriaam
386 3187 572 3258 catholicam,
584 3193 613 3246 et
623 3190 836 3247 ordinationem
852 3207 898 3246 ca·
915 3166 936 3235 C
955 3186 1086 3259 ceptione
1101 3185 1256 3258 percussit.
1273 3187 1305 3241 ln
1333 3186 1420 3243 istius
1447 3191 1545 3243 autem
1573 3191 1777 3263 compositoris

74 3277 213 3334 nonicam
228 3293 288 3334 non
304 3276 484 3350 ignoramus.
955 3275 1082 3348 capitulo
1099 3275 1194 3330 videat
1209 3274 1310 3342 lector,
1326 3291 1389 3347 qua
1405 3275 1488 3350 plebs
1503 3276 1655 3334 Dominica
1669 3297 1727 3335 uon
1739 3280 1778 3337 sit

107 3366 158 3422 Ait
170 3364 251 3423 enirn
266 3365 387 3439 capituli
404 3365 491 3423 istius
515 3368 716 3441 compositor:
742 3392 756 3419 «
773 3368 847 3436 Quia
859 3369 900 3426 in·
954 3364 1134 3432 conculcata,
1149 3380 1213 3436 quae
1239 3363 1340 3420 civitas
1365 3381 1423 3420 noa
1448 3364 1486 3421 sit
1505 3365 1694 3435 dehonorata,
1710 3369 1778 3441 quis

47 3484 58 3494 ·-
74 3455 202 3511 discussi
213 3460 243 3512 et
252 3454 644 3529 inexaminatiscienticequs
656 3456 820 3515 litterarum
828 3476 901 3531 pene
955 3455 1109 3526 episeopus
1120 3471 1178 3510 noo
1190 3452 1238 3524 sit,
1251 3471 1308 3509 non
1319 3455 1416 3510 dicam
1434 3471 1561 3525 morsus,
1577 3457 1628 3513 sed
1643 3458 1778 3516 annulla-

74 3545 179 3618 ignari,
192 3545 525 3618 minusqueapostolicae
541 3547 727 3620 preceptioni
742 3548 902 3622 appropin—
956 3549 1015 3612 tus,
1027 3542 1241 3616 quisprinceps
1257 3560 1314 3598 non
1332 3543 1538 3615 reprehensus,
1556 3545 1623 3617 quis
1639 3546 1779 3621 archiepi-

75 3646 209 3705 qasntes,
227 3634 355 3706 peccatis
380 3635 490 3691 nostris
518 3634 683 3708 agentibus,
701 3654 753 3709 per
771 3637 901 3695 civitates
954 3649 1062 3706 scopus
1089 3649 1147 3688 non
1172 3633 1351 3688 confutatus.
1367 3632 1415 3688 Ait
1427 3633 1528 3690 enim:
1545 3656 1558 3683 a
1574 3634 1735 3692 fodisoassi
1750 3638 1779 3695 at

76 3722 203 3796 episcopi
220 3723 494 3796 ordinantur:qua
512 3725 665 3780 occasione
680 3725 805 3782 maxime
821 3727 903 3798 vigor
955 3720 1154 3790 inexaminati,
1171 3720 1358 3794 scientiaeque
1386 3720 1550 3778 litterarum
1574 3741 1648 3796 pene
1671 3723 1776 3796 ignari,
1843 3726 1845 3730 ’

77 3811 292 3868 ecclesiasticus
307 3812 440 3884 deperiit.
460 3837 473 3862 a
488 3813 520 3869 ln
544 3814 636 3871 fronto
664 3814 751 3871 istius
780 3815 900 3887 capituli
955 3809 1284 3883 minusqueapostolioa
1296 3811 1481 3884 preceptioni
1497 3812 1777 3885 appropinquantes,

79 3901 159 3957 docet
183 3901 250 3972 ejus
273 3901 462 3974 compositor,
479 3918 537 3958 non
560 3919 624 3960 esse
648 3904 810 3976 episcopos,
827 3921 901 3976 quos
955 3917 1006 3973 per
1033 3900 1164 3956 civitates
1192 3899 1367 3955 ordinantur
1395 3900 1534 3974 episcopi.
1559 3900 1671 3958 Placuit
1696 3907 1729 3958 ut
1753 3903 1778 3959 si

79 3988 228 4062 episcopos
244 3988 404 4063 appellavit
416 3990 516 4047 dicens
534 4008 541 4048 :
567 4015 581 4042 a
599 3992 671 4058 Quia
698 3991 857 4049 indiscussi
872 3996 902 4050 ct
955 3989 1071 4061 quando
1087 3987 1212 4060 aiicujus
1227 3987 1353 4043 civitatis
1382 3989 1537 4061 episcopus
1562 3989 1710 4046 vocatione
1725 3991 1778 4047 Do·

80 4077 265 4134 inexaminati
281 4079 454 4135 ordinantur
468 4079 608 4153 episcopi.
622 4103 636 4130 »
647 4081 720 4137 Nam
731 4086 760 4137 ct
774 4081 804 4137 in
820 4082 901 4155 capi·
955 4077 1026 4132 mini
1043 4077 1209 4144 decesserit,
1221 4094 1237 4132 a
1247 4075 1467 4149 gloriosissimis
1476 4077 1659 4150 principibus
1670 4077 1779 4151 suppli·

81 4167 136 4224 tufo
156 4168 252 4241 primo
278 4167 518 4240 carthaginensis
539 4168 655 4225 concilii
685 4170 828 4242 scriptum
857 4174 903 4227 est
955 4166 1047 4221 cando
1062 4164 1265 4237 postuletur,»
1276 4164 1427 4236 etreliqua
1447 4182 1510 4237 quae
1529 4166 1726 4238 prosequitur.
1738 4169 1778 4223 Ao

81 4259 161 4326 (core.
176 4256 216 4329 ιν)
229 4273 236 4312 :
250 4256 304 4325 Qui
324 4259 465 4329 episcopas
487 4258 657 4314 orationarios
675 4267 724 4326 esi,
739 4267 820 4316 caeo
835 4276 900 4317 exa-
954 4254 1078 4321 sidicat,
1091 4253 1160 4326 quia
1180 4253 1323 4310 hactenns
1335 4253 1406 4308 talia
1424 4253 1570 4325 principes
1586 4271 1644 4310 non
1659 4271 1778 4312 conces·

81 4348 206 4415 mimas,
217 4350 246 4403 et
257 4345 379 4418 reliqna
396 4346 478 4403 Unde
499 4346 689 4404 manifestum
709 4352 754 4404 est
768 4366 835 4405 eum
850 4349 901 4422 qai
954 4349 1066 4400 serunt.
1082 4342 1191 4399 Deinde
1204 4343 1239 4398 de
1255 4341 1483 4415 archiepiscopis
1498 4341 1583 4398 dicit:
1594 4343 1646 4399 «Si
1661 4348 1779 4402 auttur·

83 4441 177 4492 matra
190 4451 320 4493 canones
335 4435 489 4492 ordinatus
504 4452 568 4492 esse
583 4436 708 4503 videtur,
724 4454 781 4493 non
797 4439 902 4495 debere
955 4433 1031 4505 piter
1051 4432 1210 4504 cupiditate
1225 4447 1400 4504 quacunque
1417 4430 1658 4502 metropolitanus
1673 4432 1778 4503 vietus,

84 4525 188 4582 censeri
203 4523 390 4598 episcopum,
406 4523 483 4581 sicut
505 4525 582 4581 inter
605 4524 678 4583 alios
702 4526 900 4600 Innocentius,
914 4541 939 4607 p
955 4521 1115 4594 autaliquo
1132 4536 1252 4575 munere
1265 4519 1534 4590 deceptus,tantum
1544 4537 1619 4594 opus
1632 4521 1779 4597 negligen-

85 4611 261 4681 felostinus,
277 4617 306 4670 et
321 4613 378 4670 Leo
392 4614 605 4671 demonstrant.
622 4615 703 4681 Quod
728 4613 807 4672 enim
829 4616 901 4673 dicit
955 4616 998 4666 ter
1013 4615 1042 4666 et
1056 4626 1130 4682 agre
1147 4609 1235 4664 fuerit
1249 4612 1414 4678 exsecutus,
1426 4609 1576 4680 judicium
1600 4612 1699 4668 narnia
1718 4629 1779 4672 cer·

85 4702 147 4773 qnia
157 4702 330 4770 indiscussi,
341 4719 410 4776 ergo
429 4703 553 4759 dubiam
568 4720 605 4759 aa
616 4703 675 4759 sint
685 4704 742 4760 fide
755 4704 901 4774 catholici,
957 4699 1054 4756 nentis
1069 4698 1119 4754 Dei
1143 4715 1174 4754 so
1198 4697 1347 4754 incurrere
1374 4715 1432 4754 noa
1456 4698 1581 4756 dabitat.
1598 4701 1654 4758 Sed
1669 4706 1698 4758 ot
1712 4719 1779 4760 sen·

85 4790 123 4846 vei
132 4791 311 4848 circoddem
322 4790 381 4846 sint
391 4792 516 4864 reprobi.
527 4793 608 4860 Quod
619 4792 690 4848 dicit
700 4793 901 4863 inexaminati,
957 4789 1049 4845 tentia
1063 4787 1262 4844 ecclesiastica
1275 4787 1388 4843 noverit
1403 4805 1435 4844 se
1449 4788 1639 4862 culpandum.
1658 4814 1673 4842 a

86 4876 169 4952 igitur
187 4880 248 4936 vita
267 4884 295 4936 et
310 4880 529 4937 conversatione
543 4898 600 4937 non
616 4880 700 4954 probi
716 4897 723 4937 :
741 4883 818 4954 quod
832 4882 903 4938 dicit
992 4880 1063 4934 Ecce
1074 4876 1174 4950 quales
1190 4894 1255 4934 esse
1270 4876 1416 4950 principes
1432 4879 1663 4949 denotavit,eece
1679 4880 1779 4954 quales

87 4969 206 5026 seientia
216 4969 382 5026 litterarum
394 4987 467 5041 pene
479 4969 583 5043 ignari,
602 4970 679 5026 sicut
695 4974 815 5027 sanctus
832 4970 903 5028 dicit
956 4967 1190 5040 archiepiscopos
1205 4966 1364 5040 cupiditate
1386 4967 1497 5025 seilicet
1510 4969 1601 5026 victos
1616 4973 1644 5026 ct
1660 4985 1780 5024 ninnere

88 5055 290 5131 hieronymus:
306 5055 450 5130 ignoratio
463 5057 680 5129 scripturarum
691 5057 835 5131 ignoratio
851 5057 903 5115 Dei
956 5059 1091 5130 deceptos
1102 5057 1268 5130 descripsit,
1281 5073 1346 5113 ecce
1359 5056 1462 5129 quales
1477 5059 1628 5130 episcopos
1644 5075 1695 5130 per
1710 5056 1779 5112 civi·

79 5148 133 5200 aa.
144 5145 181 5201 Et
192 5144 365 5218 Apostolus:
379 5146 431 5214 Qut
441 5146 763 5218 macratipaoratiturd
773 5147 833 5203 Cor.
844 5164 903 5215 xiv,
958 5152 1034 5204 tates
1062 5147 1211 5204 ordinatos
1239 5146 1376 5203 asseruit.
1394 5147 1531 5220 Legimus
1555 5146 1583 5201 in
1606 5145 1778 5216 canonibus,

86 5232 289 5304 tatouomodo
301 5250 369 5308 ergo
383 5235 558 5292 mediatores
571 5235 615 5292 vel
624 5236 835 5293 interventores
850 5254 902 5309 pro
957 5242 985 5294 et
1000 5243 1100 5294 sancto
1124 5237 1262 5310 Gregorio
1286 5239 1406 5293 docente
1435 5237 1602 5303 didicimus,
1620 5234 1689 5308 quia
1704 5234 1779 5312 sacri

86 5322 297 5396 missapopaii
310 5324 436 5396 pcccatis
446 5325 524 5396 apud
535 5325 627 5380 Deum
647 5324 837 5382 habebuntur
852 5326 903 5399 qui
958 5343 1084 5393 canones
1099 5325 1295 5383 Simoniacam
1311 5325 1446 5382 haeresim
1461 5326 1612 5391 damnant,
1628 5328 1658 5380 et
1671 5341 1720 5380 eos
1736 5342 1781 5382 sa·

84 5408 904 5488 ignomnlurfquilicetdicant,flomiac,iaaomiaetacpre
958 5415 1085 5473 cerdatio
1096 5415 1203 5488 privari
1220 5414 1402 5488 precipiunt,
1413 5413 1462 5486 qui
1478 5413 1514 5469 do
1528 5411 1687 5485 largiendis
1702 5415 1779 5471 ordi·

81 5499 429 5572 cessissemusne,
445 5505 491 5572 22)
503 5520 510 5571 ;
522 5507 560 5570 et,
575 5502 798 5560 lfoadacaaimaa
812 5521 904 5563 coram
957 5506 1046 5563 nibus
1061 5505 1187 5579 pretinm
1199 5508 1343 5579 quarunt,
1356 5518 1482 5575 quorum
1493 5501 1647 5561 cathedras
1660 5504 1782 5563 Redem-

83 5594 160 5659 μοι
179 5590 310 5661 titanas,
332 5600 361 5651 ct
386 5593 418 5651 ia
442 5593 543 5670 plateis
568 5594 669 5655 acthis
696 5593 812 5656 necea
826 5596 901 5668 (tao.
956 5601 1024 5676 pion
1038 5600 1137 5657 noser
1151 5593 1265 5665 avertit,
1280 5599 1309 5652 ct
1322 5589 1518 5654 sacerdotium
1533 5591 1717 5667 destruit,.et
1730 5593 1781 5674 qni
