3824 6096
46 256 116 329 ‘llll
415 268 468 329 uu
490 261 870 331 sufflaminandus*
890 264 1152 334 mosollamia
1165 268 1405 336 sestertios.
1697 282 1767 341 aaa

43 406 166 457 -renam
181 399 300 455 bonam.
312 399 386 466 Quia
395 401 474 471 quod
487 418 544 456 non
555 401 618 457 sine
631 418 753 458 moerore
764 403 881 471 dicitur,
898 406 925 471 A
941 403 1046 459 sacient
1058 406 1194 477 usquead
1206 404 1278 461 illud
1290 410 1541 480 tempus‚qunndc
1552 412 1664 468 sedebit
1674 413 1765 469 Filius

59 488 143 545 multi
157 495 232 544 sunt
246 487 295 561 qui
309 480 346 544 ad
360 489 462 546 lesum
473 490 603 558 veniunt,
616 491 699 546 illum
711 492 884 547 verbotenus
941 492 1069 549 hominis
1086 494 1194 550 insede
1210 497 1375 566 majestatis
1390 514 1459 565 sua,
1471 502 1500 553 et
1510 503 1767 573 congregabuntur

56 578 240 644 confitentes,
252 577 339 635 lactis
350 584 449 634 autem
466 584 616 652 negantes,
630 581 754 636 otccrde
765 580 888 636 redeunt
941 587 1090 637 antaeum
1109 600 1212 639 omnes
1232 589 1343 656 gentes,
1361 590 1391 640 et
1415 589 1649 659 segregabuntur
1664 591 1733 646 mali
1749 610 1766 646 ιι

54 669 86 723 in
102 667 272 740 AEgyptum,
286 668 358 740 quin
379 669 477 740 potius
493 684 561 724 cum
577 670 668 725 Cedar
683 669 886 726 babitantibus
941 669 1036 735 bonis,
1053 671 1130 725 sieut
1144 677 1278 744 segregat
1293 677 1393 744 pastor
1407 690 1474 729 oves
1490 676 1525 730 ab
1542 675 1643 744 badis,
1661 682 1689 732 et
1704 683 1765 733 sta-

59 759 271 812 conversantur
282 772 289 811 ε
301 757 387 829 pauci
399 773 476 825 vcro,
488 758 680 829 pereuntibus
695 758 843 832 plurimis,
856 758 885 812 ia
940 763 1003 814 tuot
1021 777 1088 814 oves
1102 760 1222 831 quidem
1249 778 1265 816 a
1290 762 1410 830 dextris,
1427 762 1526 819 hedos
1551 768 1649 820 autem
1664 783 1682 820 ιι
1696 766 1767 821 siai-

47 844 166 901 diluvio
174 844 368 918 iniquitatum
376 846 624 902 multarumintra
632 864 728 903 arcam
735 864 809 902 veras
819 846 886 902 fidei
941 847 1021 913 stris,
1038 853 1066 903 et
1080 850 1181 904 reddet
1197 849 1356 922 unicuiqae
1376 852 1540 908 secundnm
1556 869 1644 925 opera
1658 871 1722 909 soa.
1736 877 1750 902 ιι

50 940 278 992 conservantur.
295 936 378 992 Sient
393 936 464 993 suet
475 938 587 1009 justus,
603 938 654 1011 qni
671 926 816 1011 sapientia
830 937 886 992 sub
976 936 1167 1010 Haecquoque
1177 941 1279 995 sancta
1289 939 1417 995 Ecclesia
1427 939 1530 996 habuit
1541 955 1658 1015 semper
1670 942 1699 996 in
1711 943 1768 996 tide

33 1023 118 1098 -lego
133 1028 247 1080 nutura
263 1041 280 1080 a
295 1024 422 1097 peccatis
437 1025 591 1094 abstinuit,
605 1025 687 1099 regni
703 1024 830 1082 coelestis
845 1026 887 1080 in·
941 1024 1045 1081 salutis
1070 1042 1138 1093 una,
1154 1043 1206 1098 pro
1226 1031 1393 1101 temporum
1416 1030 1557 1086 varietate
1582 1036 1768 1087 sacramenta

49 1113 179 1169 troitum
195 1128 323 1186 percum
334 1113 390 1170 sibi
407 1114 578 1186 praestolans
590 1115 707 1186 alieriri,
717 1131 803 1188 quem
814 1115 886 1170 dum
940 1115 1232 1187 disparia.Videlicet
1247 1117 1316 1188 quia
1331 1134 1348 1172 a
1363 1118 1466 1173 mundi
1490 1120 1607 1175 exordio
1623 1136 1716 1191 usque
1732 1121 1768 1175 ad

50 1202 85 1256 ia
99 1217 180 1274 agno
204 1200 329 1269 offerret,
347 1202 416 1257 lidei
435 1202 529 1258 oculis
553 1209 650 1258 mente
676 1205 884 1277 conspiciebat.
941 1207 1074 1276 tempora
1091 1204 1163 1259 data
1185 1204 1428 1275 circumcisionis,
1445 1206 1489 1262 vel
1510 1207 1671 1264 bestiarum
1689 1209 1766 1264 obla·

52 1278 147 1345 -Adam
158 1293 190 1345 et
199 1289 256 1346 Eva
267 1296 420 1362 peceatum
431 1307 482 1363 per
493 1292 695 1369 paenitentiam
707 1292 885 1348 deleverunt.
940 1291 1128 1359 tionibus,rel
1139 1293 1289 1349 certeseia
1300 1292 1366 1348 fidei
1377 1294 1494 1363 virtute,
1506 1313 1576 1352 suos
1589 1314 1768 1370 suorumque

56 1379 135 1435 sicut
146 1378 432 1452 S.Auffrstiausad
455 1380 656 1436 Marcellinum
676 1381 705 1435 in
725 1380 886 1438 librando
941 1380 1055 1437 animas
1080 1382 1202 1437 creatori
1228 1383 1479 1452 commendantes,
1506 1401 1522 1438 ιι
1551 1386 1638 1457 primi
1670 1392 1768 1441 reatus

58 1466 209 1541 ltaptismo
218 1467 407 1540 pomulorum
418 1470 544 1541 (contib
558 1470 754 1537 domonstrat,
766 1469 885 1529 dicens:
940 1469 1065 1526 vinculis
1080 1470 1230 1527 absolvere
1246 1472 1399 1527 curabant.
1415 1474 1497 1538 Quod
1517 1478 1545 1528 et
1564 1475 1600 1528 dc
1618 1472 1684 1530 aliis
1700 1491 1769 1547 cge-

62 1555 295 1630 «sieutergailli
304 1556 393 1629 primi
404 1556 537 1613 homines
548 1563 646 1630 postea
654 1559 865 1631 justevivendo
878 1577 885 1615 :
941 1560 1283 1633 runtgentibusvigente
1292 1560 1321 1615 in
1332 1560 1518 1617 llebraorum
1531 1561 1637 1635 populo
1646 1562 1770 1618 circam-

63 1645 135 1701 unde
149 1644 257 1703 mer-ito
273 1645 434 1702 creduntur
451 1663 504 1719 per
522 1647 638 1703 Domini
657 1647 833 1720 sanguinem
850 1646 887 1702 ab
940 1647 1201 1716 cisione,videlicet
1216 1648 1283 1705 lldei
1299 1649 1394 1721 signo.
1411 1650 1479 1705 Sina
1494 1651 1551 1706 lide
1567 1651 1645 1706 enim
1661 1651 1770 1723 impos-

62 1739 188 1791 crtremo
208 1732 354 1808 supplicio
375 1734 501 1803 liberati,
518 1740 689 1792 nontamen
709 1735 740 1791 in
761 1735 815 1791 illa
828 1734 902 1813 vita,¹
941 1736 1026 1792 sibile
1040 1740 1087 1792 est
1099 1736 1215 1809 placere
1238 1737 1306 1809 Deo,
1320 1743 1350 1794 et
1364 1732 1440 1794 sicut
1464 1737 1537 1794 alias
1553 1738 1767 1811 scriptumest,

62 1828 232 1880 meruerunt
247 1824 282 1880 sd
298 1824 468 1897 paradisum
480 1825 635 1881 revocari.»
648 1826 684 1881 Et
696 1824 889 1882 Cassiodorus
941 1827 1033 1882 irratio
1047 1843 1083 1882 ex
1095 1827 1148 1898 tide
1162 1828 1239 1882 eiad.
1257 1828 1324 1884 Post
1338 1828 1438 1884 datam
1453 1833 1553 1883 autem
1568 1828 1768 1884 circumcisio·

61 1913 88 1968 in
99 1911 216 1985 psalmo
226 1913 386 1986 centesimo
401 1915 623 1987 secund0(l’sot.
634 1931 682 1984 cn,
694 1912 738 1986 ll)
749 1931 774 1968 :a
785 1913 888 1970 Misere
940 1928 1020 1982 uem,
1036 1914 1113 1971 idem
1138 1914 1296 1972 salutifera
1311 1915 1472 1972 curationis
1496 1915 1649 1982 auxilium,
1665 1917 1767 1972 eadem

60 2001 150 2057 orata
162 2009 257 2058 ιιιιωιιι
275 2001 387 2059 Domini
399 2019 418 2058 o
431 2003 528 2060 secolo
540 2011 566 2059 et
580 2020 666 2076 usqae
691 2003 721 2059 ιἰι
744 2004 886 2066 saeuam,
941 2003 1126 2060 circumcisio
1141 2002 1171 2059 in
1187 2004 1250 2077 lege
1265 2007 1367 2060 eontra
1377 2005 1529 2078 originalis
1540 2005 1650 2078 peccati
1662 2004 1770 2060 vuinus

60 2089 149 2159 Unde,
159 2089 270 2163 lnquit,
282 2089 357 2146 mihi
368 2091 482 2147 videtur
497 2091 544 2148 bic
559 2093 764 2148 convenienter
776 2087 887 2147 adverti
942 2093 1055 2166 agebat,
1067 2094 1145 2165 quod
1157 2108 1235 2150 nuno
1246 2088 1411 2167 baptismus
1427 2103 1511 2168 agere
1526 2093 1658 2150 revelatae
1669 2094 1770 2167 gratie

57 2179 203 2251 stadam,
218 2178 296 2235 siout
310 2178 397 2235 multi
414 2179 532 2236 Petrum
546 2181 694 2249 dixerunt,
710 2182 746 2237 ad
770 2175 887 2237 Domini
940 2186 1072 2253 temporo
1096 2184 1271 2239 consuevit:
1293 2188 1412 2255 excepto
1434 2183 1512 2256 quod
1537 2183 1619 2255 regni
1642 2181 1768 2239 caelestis

57 2266 181 2340 gratiam
197 2268 291 2324 luisse
311 2273 488 2334 revocatum,
502 2271 622 2342 quando
641 2271 704 2342 ipse
726 2270 841 2343 primas
855 2269 886 2326 in
937 2269 1062 2342 januam
1079 2273 1204 2327 necdum
1221 2264 1335 2328 ¹intrare
1349 2276 1494 2344 poterant,
1505 2272 1597 2327 donce
1613 2270 1770 2327 adveniens

60 2355 163 2413 recido
187 2356 254 2412 mir.
268 2356 364 2414 Sicuti
388 2357 477 2414 etiam
500 2358 582 2426 Abel,
598 2359 668 2424 Noc,
684 2359 844 2426 Abrabam,
859 2363 888 2415 et
939 2355 1176 2416 benedictionem
1183 2363 1270 2417 'daret
1281 2362 1330 2434 qui
1347 2360 1440 2434 legem
1448 2362 1543 2429 dedit,
1557 2365 1589 2416 ut
1600 2360 1691 2416 videri
1707 2376 1771 2433 pos-

55 2445 152 2501 'esteri
163 2445 328 2519 Patres,qui
340 2452 440 2504 tamea
455 2447 485 2504 in
499 2448 607 2504 saeculo
618 2449 669 2505 sod
680 2467 696 2505 a
708 2449 813 2505 seculo
829 2465 886 2506 non
905 2450 910 2457 '
942 2452 988 2504 set
1000 2448 1078 2504 Deus
1092 2450 1211 2505 deorum
1230 2450 1258 2505 in
1274 2450 1354 2507 Sion.
1370 2452 1500 2506 'lantum
1516 2450 1546 2505 in
1563 2450 1630 2506 sinu
1646 2449 1769 2505 Abrabae

62 2535 190 2591 merant.
207 2534 278 2592 Cain
293 2553 362 2592 vero
381 2537 553 2594 infidelitate
567 2542 595 2594 et
614 2537 767 2610 iniquitute
782 2555 837 2594 sua
850 2539 887 2594 ab
942 2542 1008 2610 post
1023 2542 1146 2594 mortem
1162 2539 1247 2595 beata
1263 2539 1363 2611 requie
1378 2539 1530 2607 consolati,
1544 2556 1676 2612 superna
1689 2538 1770 2611 pacis

58 2622 108 2679 bae
120 2623 262 2693 Bcclosin,
278 2625 308 2681 ia
324 2642 382 2698 qua
395 2626 534 2683 omnibus
560 2632 606 2683 cst
628 2626 709 2684 salus
724 2629 886 2701 proposita,
942 2626 1109 2699 ingressum
1133 2644 1185 2699 spe
1208 2627 1308 2684 'felices
1323 2627 1541 2700 exspectabant.
1558 2621 1612 2684 Sed
1639 2634 1669 2684 et
1692 2629 1769 2683 sicut

54 2713 179 2769 extores
190 2718 221 2770 et
236 2712 427 2787 albanense
441 2732 494 2797 per
506 2716 682 2788 sapientiam
699 2733 819 2789 peccare
834 2719 887 2774 ab·
942 2720 1063 2770 sanctus
1079 2715 1186 2771 Paulus
1199 2716 1282 2785 dicit,
1294 2717 1388 2772 l’otrea
1411 2719 1500 2772 nostri
1520 2733 1612 2772 manea
1637 2717 1769 2788 baptisati

62 2802 169 2872 ιιὶιιιιίῐ,
181 2818 236 2859 aee
246 2819 300 2876 per
309 2804 513 2878 penitentiam
526 2810 679 2879 peccatum
688 2805 887 2862 delereetiam
942 2810 1009 2860 scat
1021 2806 1053 2859 ιἰι
1065 2805 1138 2860 aute
1151 2810 1178 2860 et
1193 2806 1222 2861 in
1240 2806 1316 2860 mari
1328 2806 1354 2875 (l
1364 2805 1424 2861 Cor.
1435 2822 1464 2874 x,
1475 2806 1515 2875 Ξ).
1529 2806 1561 2860 la
1576 2806 1671 2861 forma
1686 2803 1767 2860 scili·

62 2891 226 2948 admonitus
242 2894 420 2966 procuravit.
432 2894 494 2950 Sub
508 2893 572 2968 loge
584 2894 740 2951 Zacharias
755 2900 784 2951 et
798 2894 888 2951 Elisa·
936 2898 988 2949 'cet
998 2892 1105 2949 Christi
1121 2892 1404 2966 baptismatis‚quod
1419 2894 1496 2948 inter
1510 2894 1575 2964 ipsa
1588 2892 1692 2948 mundi
1704 2892 1766 2974 pri·

65 2978 139 3047 belh,
149 2980 187 3037 de
201 2981 312 3054 quibus
323 2983 467 3056 scriptum
482 2987 527 3040 est
539 3001 545 3039 :
558 2984 643 3040 Erant
652 2986 723 3057 justi
738 2984 889 3040 temtoorite
942 2982 1067 3051 mordis,
1080 2983 1197 3054 quando
1220 2983 1342 3056 spiritus
1366 2982 1483 3038 Domini
1507 2982 1654 3038 serebatur
1677 2996 1768 3053 super

63 3068 140 3125 ῡιιιιιι
153 3070 308 3127 incedentes
322 3072 491 3129 inmanitas
499 3073 638 3129 mandatis
647 3082 673 3129 et
682 3074 890 3146 justificationi·
941 3086 1044 3144 aquas,
1062 3075 1095 3126 ut
1110 3072 1174 3143 jam
1195 3070 1334 3128 virtutem
1357 3070 1597 3127 sanctificationis
1620 3085 1764 3142 aquarum

65 3156 227 3215 incitemini
239 3161 301 3216 sine
312 3160 423 3233 quonia
435 3178 441 3217 :
454 3168 480 3218 et
491 3161 601 3218 Sisneon
610 3164 714 3235 justes,
725 3164 774 3236 poi
783 3171 809 3218 et
829 3136 921 3235 ipses.
938 3164 1046 3214 natura
1059 3159 1234 3232 conciperet,
1249 3161 1301 3217 sed
1322 3165 1352 3217 et
1373 3160 1404 3215 in
1427 3159 1492 3232 ipsa
1507 3158 1608 3214 diluvii
1624 3158 1765 3214 effusione

59 3248 225 3320 exspectabat
250 3247 463 3322 remptionem
490 3251 575 3306 lsrael
598 3253 673 3321 (Lac.
690 3269 710 3317 1,
725 3253 765 3324 e),
786 3252 816 3307 id
839 3257 885 3308 e'st
938 3251 1054 3304 coastat
1072 3260 1136 3304 esse
1157 3248 1318 3321 signatum.
1334 3248 1366 3304 ln
1392 3264 1449 3320 quo
1472 3246 1660 3321 baptismate,
1677 3246 1765 3304 nubis

63 3333 184 3393 mutare
197 3336 251 3392 Dei
265 3341 402 3410 paratum
416 3342 483 3395 ante
497 3339 603 3394 taciem
618 3339 751 3396 omnium
765 3339 885 3419 populo·
936 3336 1072 3394 videlicet
1087 3342 1175 3410 atque
1192 3338 1294 3408 maris,
1304 3339 1443 3412 baptizati
1466 3354 1524 3395 non
1539 3353 1643 3394 omnes
1663 3336 1765 3393 salvati

60 3427 224 3481 ramanae
234 3442 352 3499 quoque
364 3442 423 3483 aon
439 3426 609 3484 discedebat
624 3429 660 3485 de
675 3427 795 3502 templo,
803 3429 884 3501 jeJu-
939 3428 1020 3492 sunt,
1036 3427 1178 3498 quianon
1203 3442 1306 3483 omnes
1329 3426 1403 3483 illud
1427 3424 1600 3500 spiritaliter
1617 3423 1765 3481 intellexe-

64 3511 345 3571 niisetoratiouibus
355 3516 617 3574 serviensllomino
629 3523 712 3574 nocte
723 3534 756 3574 ac
766 3518 823 3585 die,
833 3532 885 3592 per
939 3517 1018 3582 runt,
1029 3515 1226 3583 crediderunt,
1242 3531 1275 3572 ao
1294 3519 1492 3582 servaverunt,
1509 3515 1586 3571 sicut
1609 3531 1662 3570 nec
1677 3514 1706 3569 in
1721 3513 1765 3568 di·

63 3602 233 3677 sapientism
249 3621 266 3660 a
281 3604 409 3678 peccatis
422 3598 640 3663 abstinuerant.
656 3606 747 3663 David
762 3624 814 3680 per
828 3624 886 3679 poe·
938 3602 1016 3659 lario
1027 3602 1134 3660 salvati
1149 3607 1228 3674 sunt,
1246 3603 1303 3660 nisi
1319 3621 1393 3677 quos
1409 3621 1477 3660 arca
1493 3608 1626 3659 sanctam
1641 3603 1765 3659 demon-

64 3690 210 3748 niteatiam
223 3696 345 3765 mecam
360 3693 477 3764 delerit,
492 3700 664 3769 exspectans
684 3696 884 3769 supernivem
938 3696 1037 3748 straus
1048 3692 1211 3749 ¹Ecclesiam
1227 3693 1408 3750 continuisse
1418 3692 1610 3766 dignoscitur.
1621 3692 1662 3748 lta
1676 3695 1705 3748 et
1715 3691 1765 3764 qui

62 3778 187 3837 dealbmi
211 3797 265 3855 per
287 3781 486 3855 aspersionem
501 3782 611 3840 Christi
640 3784 884 3858 sanguinisque
938 3781 1126 3853 baptizantur
1140 3782 1248 3839 Christi
1271 3782 1449 3855 baptismate
1464 3782 1585 3854 quidam
1605 3781 1766 3848 salvantur,

25 3858 38 3869 ’
52 3865 195 3944 -byssopo,
206 3869 236 3926 id
257 3874 302 3927 est
325 3871 492 3928 bumilitate
520 3872 731 3931 incarnationis
755 3875 820 3946 ejus
844 3873 884 3930 si·
938 3871 1034 3943 gratia
1045 3871 1074 3926 in
1085 3871 1142 3927 lide
1153 3875 1232 3927 recta
1246 3876 1275 3927 et
1287 3871 1423 3944 operibus
1438 3871 1523 3928 bonis
1536 3876 1765 3945 perseverantes,

18 3968 26 3973 '
55 3960 175 4037 gantur.
199 3955 271 4014 Saul
294 3957 485 4032 impoenitens
512 3976 565 4017 nee
590 3959 730 4036 iacrymis
759 3962 884 4018 Samae·
938 3961 1173 4032 quidamautem
1190 3964 1321 4033 pereunt,
1339 3960 1409 4033 quia
1427 3959 1609 4017 licetverum
1624 3960 1663 4016 sit
1678 3960 1708 4015 in
1723 3959 1767 4015 eis

27 4040 100 4100 'iis
116 4044 196 4103 ‘m
219 4045 374 4104 abluitur:
395 4047 446 4121 qul
474 4064 527 4123 pro
555 4064 663 4123 magno
690 4050 795 4106 merito
824 4068 883 4107 suu
938 4047 1166 4121 baptisma,qu0
1188 4048 1288 4103 omnia
1307 4045 1767 4120 prorsuswtlpeccatadelen·

12 4130 25 4165 ³
52 4132 328 4192 mnditioniscum
337 4135 436 4210 Moyse
443 4137 528 4209 quasi
536 4137 726 4212 singulariter
736 4139 884 4196 abomino
938 4141 998 4205 tur,
1013 4141 1112 4192 tamen
1127 4137 1158 4192 in
1173 4136 1295 4192 veritate
1313 4151 1371 4191 non
1392 4140 1574 4208 permanent,
1591 4139 1619 4190 ot
1634 4133 1699 4189 ideo
1715 4150 1767 4206 pe-

47 4217 95 4276 {a
106 4221 271 4296 exemplum
280 4224 457 4281 ostenditur.
470 4225 526 4283 Sed
536 4229 603 4300 post
618 4225 711 4306 multa
722 4242 786 4299 quse
797 4244 814 4282 a
825 4226 884 4284 Deo
938 4229 1035 4294 renat,
1046 4224 1123 4281 sicut
1135 4225 1239 4281 beatus
1254 4224 1356 4280 Petrus
1369 4223 1520 4297 apostolus
1528 4224 1712 4279 demonstrat
1726 4221 1768 4277 di·

50 4315 235 4384 perceperat,
251 4311 330 4370 sicut
344 4315 624 4389 pervemffloquam
639 4316 884 4389 audierat,quam
926 4312 1182 4370 cananaeam
1205 4313 1342 4380 liveram
1366 4313 1550 4385 faemoretar
1573 4312 1689 4378 crocia
1713 4327 1768 4383 ooo

46 4393 97 4453 in
108 4400 242 4474 angustia
260 4419 316 4459 sua
332 4402 492 4461 Dominum
512 4404 662 4479 negligens
677 4406 794 4479 expetit,
807 4404 884 4462 indi·
936 4405 1029 4475 poetri,
1046 4403 1128 4459 idest
1140 4410 1197 4459 octo
1212 4403 1323 4471 anime,
1339 4402 1422 4457 solere
1435 4402 1642 4472 [αιιιιιιιιιιιιει
1654 4416 1765 4472 cosam,

52 4498 149 4571 ειιιιι
156 4488 348 4563 sitamdigna
356 4496 451 4549 morte
461 4493 565 4550 linivit.
573 4493 633 4550 Sub
643 4494 884 4567 gratiolacobus,
894 4515 926 4580 ,D
941 4491 1011 4565 qaod
1023 4500 1049 4548 et
1063 4504 1107 4548 aas
1120 4506 1195 4546 arrae
1208 4491 1310 4546 similis
1328 4492 1423 4562 sorore
1442 4490 1531 4546 rotcos
1550 4490 1617 4560 [crit
1635 4491 1768 4561 baptisma

40 4575 115 4646 *lui
133 4577 296 4651 appellatus
310 4585 355 4637 est
364 4582 477 4654 justus,
492 4583 607 4656 primus
622 4581 887 4657 Hierosolymorum
939 4582 966 4652 (l
979 4582 1051 4637 Patr.
1068 4597 1111 4650 m,
1122 4581 1178 4649 30).
1195 4579 1277 4635 Unde
1301 4579 1378 4635 Reda
1395 4596 1401 4636 :
1416 4579 1525 4646 «Quod
1542 4592 1610 4652 ergo
1631 4595 1707 4650 aqua
1721 4579 1768 4634 di·

71 4664 225 4740 episaopus,
235 4674 348 4741 quanto
362 4671 668 4744 praeconio-attollatur
678 4672 729 4745 qui
745 4671 888 4744 sapientia
931 4666 1011 4724 larii
1028 4684 1085 4724 aon
1101 4666 1223 4723 salvavit
1237 4670 1320 4723 extra
1334 4684 1431 4723 arcam
1452 4666 1572 4740 positos,
1584 4668 1635 4723 sed
1652 4667 1767 4735 occidit,

72 4762 179 4821 meam
194 4757 327 4826 nescivit,
339 4758 443 4816 divine
467 4759 571 4817 litterae
586 4766 794 4834 protestantur.
805 4762 841 4817 ut
856 4766 888 4817 ut
941 4759 1005 4815 sine
1018 4757 1109 4813 dubio
1134 4757 1340 4829 praefigurabat
1362 4772 1479 4812 curnem
1504 4756 1685 4826 hereticum,
1701 4757 1769 4815 licet

79 4843 160 4915 argu
187 4844 265 4901 Petri
292 4847 408 4904 silentio
439 4848 584 4923 lacrymas
609 4850 797 4916 honoremus,
814 4866 888 4923 quas
943 4848 1098 4903 habentem
1112 4845 1299 4918 baptismatis
1314 4851 1543 4914 sacramentum,
1559 4862 1616 4901 non
1629 4846 1704 4916 aliis,
1717 4847 1768 4902 sed

10 4944 26 4987 a
79 4931 322 5005 mmploatinam
341 4936 887 5012 predicemus,incrucelatropoeai·
943 4938 1016 5010 ipsis
1043 4936 1127 5009 aquis
1151 4936 1187 4991 ud
1213 4935 1327 4991 interna
1351 4936 1554 5010 mergendum,
1567 4937 1674 5008 quibus
1702 4952 1768 4990 arca

72 5017 129 5089 tuit,
142 5022 296 5081 confessas
309 5027 355 5081 est
369 5029 398 5081 ot
413 5043 430 5082 a
445 5027 524 5084 sonte
540 5027 659 5101 pietatis
674 5027 793 5094 audivit,
805 5026 888 5084 Hodie
943 5026 1113 5082 sublevatur
1126 5026 1162 5082 acl
1178 5026 1312 5082 coelum.»
1327 5027 1361 5082 llt
1376 5027 1527 5098 quoniam,
1540 5026 1616 5080 sicat
1627 5023 1768 5080 Dominus

69 5124 167 5165 neam
180 5115 236 5168 eris
261 5116 289 5169 ιἰι
312 5114 443 5188 permira
457 5118 534 5190 (tue.
549 5118 705 5188 xxr1r,l3):
723 5116 796 5173 alter
819 5134 886 5173 raro
942 5115 1012 5171 dicit
1024 5132 1030 5171 :
1041 5116 1104 5172 Nisi
1118 5117 1179 5188 quis
1191 5123 1302 5172 reactus
1316 5117 1402 5187 feeerit
1416 5133 1451 5172 ec
1464 5133 1536 5188 aprio
1550 5122 1575 5170 et
1589 5114 1694 5186 Spiritu
1707 5128 1769 5167 sca-

10 5240 13 5247 ·
60 5196 293 5275 adem-nagalta
308 5209 470 5278 correptus,
487 5206 684 5277 eumdemque
699 5207 810 5262 l'ontem
826 5206 887 5280 pie·
942 5212 993 5272 cto,
1007 5220 1062 5260 raon
1082 5204 1197 5260 intrabit
1220 5206 1250 5260 ιἰι
1270 5220 1384 5276 recisum
1409 5204 1538 5259 coelorum
1562 5204 1654 5269 (iocre.
1670 5215 1712 5265 ιιι,
1727 5198 1766 5267 5),

60 5285 130 5347 ratis
144 5289 338 5363 conspiciens,
353 5296 384 5349 et
397 5298 499 5366 potare
513 5299 714 5364 contemnens,
731 5311 887 5368 personam
942 5295 1028 5364 cuius
1043 5291 1246 5349 renascitionis
1260 5293 1405 5364 praeconia
1420 5292 1538 5348 luerunt
1552 5286 1703 5361 superiora
1716 5288 1767 5343 ba·

53 5375 190 5439 merens
203 5382 450 5453 contemptorum,
463 5398 515 5440 nec
530 5382 644 5456 tlagello
657 5383 822 5457 corrigitur,
835 5401 888 5441 nec
943 5382 1091 5454 ptismata,
1108 5382 1149 5437 ita
1164 5378 1357 5438 nihilominus
1373 5383 1551 5453 protestatur
1561 5393 1568 5433 ι
1580 5378 1642 5432 Nisi
1654 5375 1769 5432 ιιιιιιιιὶιι-

35 5465 193 5538 ‘exemplo
208 5468 396 5527 convenitur.
412 5471 477 5528 Hac
501 5477 604 5529 sancta
628 5472 757 5529 Ecclesia
773 5490 889 5546 semper
942 5473 1070 5528 severitis
1085 5486 1194 5526 caraem
1209 5471 1265 5543 filii
1279 5470 1409 5533 leoninas,
1420 5475 1447 5523 et
1455 5467 1578 5524 biberitis
1587 5468 1646 5541 ejas
1658 5466 1770 5539 sancci-

37 5568 153 5633 ..gnos
178 5554 292 5628 babuit,
307 5557 417 5633 quibus
443 5576 474 5618 se
499 5558 682 5621 miscuerunt
705 5565 734 5620 et
758 5559 844 5634 saei,
860 5565 889 5625 et
941 5577 1016 5632 ιιθιιι,
1035 5575 1090 5619 aaa
1112 5558 1346 5620 leoletitr'svitom
1370 5558 1400 5615 ιἰι
1419 5555 1770 5632 vetislleon.v1,5l),et

224 5681 361 5751 Parios.
383 5686 499 5755 CXXV.
1570 5684 1608 5749 tt
