3810 6098
94 326 171 394 titt
479 330 674 394 aracusia
697 331 821 394 RHCM.
843 330 1026 394 auertiue.
1049 333 1256 398 OPUSCULA
1276 333 1407 396 veuit.
1693 325 1698 333 ’
1724 331 1806 396 atta

93 462 419 536 prutiutluuo.1):quia
434 461 585 537 plenitudo
600 464 802 535 humanitatis,
819 463 918 520 anima
933 465 958 532 Α
973 464 1068 522 Patris
1083 471 1223 524 venturus
1234 466 1368 540 judicare
1392 466 1472 524 vivos
1495 470 1525 524 et
1548 470 1695 524 mortuos.
1712 464 1805 533 Quid·

94 555 122 609 et
133 567 248 623 corpus,
261 558 416 625 assumpta
426 558 471 609 est
481 553 510 609 in
521 554 616 610 Verbo
626 555 655 611 ia
666 555 778 611 unitate
791 571 921 626 persone
976 555 1047 626 quid
1063 555 1140 612 enim
1161 557 1190 611 in
1207 556 1322 612 Christo
1346 558 1453 613 iactum
1469 574 1533 613 esse
1557 555 1676 630 legitur,
1694 555 1731 610 ab
1747 572 1806 612 uno

95 658 155 698 sua
170 640 342 698 divinitatis.
355 644 457 699 Plenus
472 646 593 713 treritote,
611 644 679 717 quia
694 644 723 698 in
741 642 922 716 plenitudine
976 644 1102 713 Christo,
1113 649 1142 700 et
1161 646 1197 701 ab
1212 663 1271 701 uno
1287 645 1337 702 Dei
1353 645 1426 702 Filio
1449 650 1565 719 gestum
1589 648 1645 701 est.
1663 644 1724 700 Hoc
1739 661 1806 700 vero

94 730 288 787 humanitatis
304 732 450 788 inhabitat
472 731 623 806 plenitudo
639 732 800 789 divinitatis
814 749 820 787 :
833 749 920 803 quem
976 732 1169 806 personaliter
1183 738 1262 790 totus
1272 733 1407 791 Christus
1417 735 1557 808 dignatus
1573 738 1619 789 cst
1632 749 1730 807 agere.
1743 733 1807 805 lpse

95 819 182 876 beata
194 820 284 894 Virgo
302 822 403 892 Maria,
415 821 496 878 salva
520 822 685 895 integritate
709 821 755 876 sui
781 822 921 894 corporis,
977 823 1085 895 quippe
1096 839 1165 878 suas
1181 823 1332 896 passiones
1347 823 1495 879 invenitur
1507 828 1656 895 operatus,
1669 823 1721 894 qui
1734 820 1806 878 nihil

94 908 187 965 Deum
208 915 236 965 et
258 909 418 979 hominem,
436 911 556 966 unicum
583 909 677 966 hlium
702 910 803 978 edidit,
820 927 921 983 quem·
975 910 1175 983 habuit,qu0d
1197 916 1346 985 pateretur
1360 911 1478 968 invitus.
1490 911 1582 984 Cujus
1601 911 1703 967 anima
1719 914 1807 966 tanta

94 999 255 1054 admodum
286 999 366 1056 salva
393 999 557 1073 virginitate
586 1000 732 1072 concepit,
763 1004 922 1057 creatorem
977 999 1141 1056 sanctitatis
1156 1004 1184 1055 et
1200 1001 1417 1071 justificationis
1432 1005 1640 1067 est‚utomnes
1656 1000 1688 1056 in
1704 1016 1737 1056 se
1750 1016 1808 1056 cre·

94 1102 253 1159 corporam
264 1093 293 1143 et
303 1088 469 1144 animarum
480 1087 688 1156 humanarum,
701 1104 764 1159 quae
774 1088 810 1143 ab
820 1087 922 1142 eodem
978 1087 1110 1143 dentium
1126 1089 1241 1160 anima,
1254 1106 1305 1162 per
1319 1107 1382 1146 eam
1404 1090 1582 1146 sanctificari
1603 1093 1632 1145 ei
1647 1088 1807 1161 justificari

96 1175 201 1248 apitius
217 1194 270 1233 sao
294 1177 353 1232 Deo
379 1176 614 1249 incorporantur,
630 1180 659 1232 et
673 1174 844 1248 priusquam
861 1175 923 1233 suis
977 1182 1097 1249 queant.
1109 1179 1145 1233 ut
1160 1195 1227 1234 caro
1242 1183 1329 1234 tante
1349 1179 1500 1234 munditie
1522 1183 1551 1234 et
1570 1176 1717 1234 libertatis
1732 1179 1807 1233 esta

96 1263 280 1337 inspirentur
294 1264 476 1338 corporibus,
493 1283 551 1322 noa
572 1265 701 1322 luerunt.
714 1264 771 1320 Sed
789 1264 858 1337 quia
873 1282 924 1337 per
978 1270 1106 1337 peccatu,
1119 1270 1151 1322 ut
1162 1284 1264 1323 omnes
1274 1267 1303 1322 in
1316 1285 1347 1324 se
1357 1266 1569 1324 confidentium
1581 1283 1697 1333 carnes,
1710 1265 1807 1322 divina

96 1353 184 1426 primi
201 1353 331 1410 hominis
346 1354 624 1427 prevaricationem,
635 1357 696 1409 tota
708 1353 830 1409 humani
841 1370 925 1426 gene·
977 1352 1008 1409 in
1023 1370 1056 1409 eo
1071 1361 1210 1428 operante
1224 1356 1327 1429 gratia,
1345 1356 1463 1430 purgari
1479 1360 1508 1412 et
1524 1355 1645 1412 liberari
1667 1354 1804 1428 possint:

20 1467 25 1477 ·
96 1441 137 1498 ris
153 1459 282 1517 propago
297 1444 453 1500 estvitiata
468 1461 554 1500 nemo
570 1443 925 1517 potestaeoaditionevo·
978 1442 1184 1516 quiasanguis
1206 1443 1306 1516 quide
1326 1443 1427 1499 cadom
1456 1460 1543 1499 camo
1572 1443 1676 1498 lancea
1706 1440 1807 1499 militis

94 1529 166 1586 teris
182 1529 311 1587 hominis
326 1530 443 1588 liberari
454 1531 512 1588 nisi
528 1549 579 1605 per
595 1536 812 1588 sacramentum
828 1531 923 1604 bapti·
978 1531 1129 1587 uulnerata
1153 1532 1276 1588 fluxerat
1300 1531 1609 1606 (torrn.x1x),pretium
1634 1536 1681 1588 est
1705 1530 1807 1587 salutis

96 1618 202 1676 amatis
216 1619 334 1688 Christi,
351 1620 380 1675 in
397 1637 455 1693 quo
480 1620 561 1676 nulla
577 1624 621 1677 est
646 1620 782 1677 discretio
807 1625 924 1677 renato·
979 1620 1125 1677 humana.
1136 1623 1188 1678 Per
1197 1624 1283 1694 cujus
1293 1622 1465 1679 effusionem
1478 1622 1623 1679 exstincta
1633 1625 1680 1679 est
1690 1622 1808 1679 hamma

96 1723 161 1765 rum
180 1724 187 1765 :
204 1708 273 1781 quia
292 1725 367 1782 quos
392 1712 444 1765 aut
467 1726 554 1765 sexus
579 1709 609 1765 ia
634 1725 764 1782 corpore,
780 1713 832 1765 aut
855 1713 925 1764 etas
979 1708 1030 1765 illa
1045 1709 1172 1782 paradisi
1188 1712 1332 1781 custodia,
1349 1716 1378 1769 et
1392 1712 1438 1768 via
1453 1711 1591 1768 fidelibus
1607 1712 1808 1785 apertaestad

96 1796 236 1854 discernit
250 1797 280 1853 in
296 1802 436 1872 tempore,
448 1815 551 1856 omnes
571 1797 601 1854 in
617 1816 707 1854 unam
731 1798 808 1870 parit
831 1798 926 1871 gratia
979 1798 1093 1872 lignum
1111 1798 1186 1870 vita,
1202 1802 1278 1873 quod
1296 1801 1462 1874 plantatum
1486 1805 1532 1858 est
1555 1818 1643 1858 secus
1668 1802 1809 1856 decursus

96 1888 191 1942 mater
204 1886 370 1954 infantiam,
383 1887 497 1945 dicento
507 1887 644 1961 Apostolo
658 1905 665 1943 t
678 1890 842 1961 Quintoque
851 1888 926 1943 euim
980 1904 1124 1961 aquarum
1139 1889 1297 1945 viventium
1313 1892 1400 1959 (Prot.
1416 1893 1447 1959 1).
1459 1890 1551 1962 Cujus
1565 1890 1640 1965 ligni
1657 1887 1809 1962 sapientis

99 1975 130 2030 iu
146 1976 256 2033 Christo
270 1977 405 2048 baptizoti
419 1979 493 2044 estis,
505 1977 642 2034 Christum
664 1977 928 2033 superuacues
981 1977 1074 2033 sirnus
1101 1977 1334 2046 salamancam
1359 1980 1395 2034 de
1420 1978 1506 2035 laude
1532 1977 1687 2051 sapientia
1717 1976 1809 2034 multa

96 2063 210 2120 Judaeas
223 2071 250 2120 et
264 2064 392 2134 uraca·
406 2083 462 2122 nort
482 2075 522 2122 est
545 2083 639 2122 amous
661 2082 748 2139 acque
762 2067 832 2122 tiber
846 2084 856 2120 .·
870 2081 924 2121 riou
980 2065 1113 2133 dixisset,
1130 2067 1298 2123 recordatus
1320 2073 1374 2135 est,
1395 2067 1435 2123 ita
1459 2066 1560 2124 dicens
1577 2084 1584 2123 ε
1600 2068 1705 2124 Rectus
1720 2066 1805 2137 tuoto,

96 2159 136 2209 eat
150 2154 290 2209 masculus
304 2171 391 2228 neque
412 2157 517 2228 temtus
532 2174 541 2212 :
557 2171 650 2213 mures
673 2157 747 2212 euim
771 2172 816 2211 uos
839 2171 926 2210 unum
980 2158 1029 2226 qui
1044 2157 1148 2212 iuuerit
1161 2158 1327 2229 sapientiam
1340 2157 1425 2212 etcut'
1437 2156 1530 2228 ostitit
1549 2154 1702 2228 prudentia
1716 2158 1805 2224 (Pina.

95 2241 160 2298 estu
181 2243 212 2297 in
233 2243 341 2300 Christo
360 2245 422 2301 lesu
442 2243 511 2316 (Gal.
527 2246 580 2314 ra).
602 2245 693 2318 Cujus
712 2243 926 2301 humanitatem
980 2243 1032 2315 ιιι).
1044 2246 1080 2300 Et
1096 2243 1182 2317 paulo
1199 2248 1288 2317 post:
1307 2246 1363 2302 i'ia’
1376 2247 1434 2318 ejus
1456 2247 1510 2301 uiae
1522 2245 1662 2316 pulchra),
1679 2253 1705 2300 ct
1721 2260 1807 2300 omues

96 2328 128 2385 in
153 2328 234 2386 nulla
263 2333 440 2405 proprietate
462 2350 595 2406 operum,
612 2350 676 2406 qus
701 2337 822 2388 naturas
846 2333 875 2388 ia
892 2349 925 2388 eo
979 2333 1086 2389 semita
1100 2333 1158 2404 ejus
1169 2333 1295 2404 pacifice
1309 2332 1401 2404 (Proc.
1413 2335 1465 2398 ιιι).
1477 2331 1605 2406 Lignum
1622 2332 1689 2387 vitm
1704 2335 1750 2388 est
1764 2331 1807 2387 his

97 2417 293 2494 distinguunt,
312 2421 450 2479 divinitas
465 2421 613 2491 disseruit,
627 2427 783 2495 postquam
798 2438 863 2477 eam
879 2438 925 2477 as·
980 2418 1030 2491 qui
1042 2419 1287 2492 apprehenderint
1297 2424 1404 2489 eam,et
1412 2418 1462 2493 qui
1471 2420 1601 2476 tenuerit
1611 2421 1805 2488 eam,beatus.

98 2509 236 2581 sumpsit,
253 2526 306 2566 nee
323 2511 353 2566 in
368 2510 432 2582 ipsa
449 2511 537 2567 etiam
553 2511 698 2584 passione,
713 2510 847 2583 quamvis
863 2511 927 2584 ipsa
980 2509 1071 2575 Quem
1087 2508 1198 2565 scilicet
1208 2508 1358 2565 Christum
1375 2509 1422 2564 Dei
1433 2508 1569 2565 virtutem
1585 2514 1616 2565 ct
1630 2508 1682 2565 Dei
1694 2509 1806 2582 sapien·

98 2595 235 2654 divinitas
254 2599 448 2672 impassibilis
464 2617 581 2674 semper
594 2600 625 2657 in
641 2617 696 2656 sua
711 2604 864 2674 permanet
879 2616 928 2656 aa·
980 2596 1051 2652 tiam
1062 2597 1164 2654 videns
1174 2599 1303 2654 ioannes
1315 2598 1446 2670 Baptista
1460 2602 1489 2654 et
1503 2615 1670 2671 precursor
1680 2615 1754 2654 suus
1764 2614 1807 2654 re·

98 2689 175 2742 tura.
980 2685 1109 2744 aientem
1121 2686 1157 2742 ad
1167 2703 1208 2755 se,
1220 2686 1462 2760 populis,quihus
1474 2687 1525 2743 diu
1538 2686 1624 2743 illum
1635 2687 1808 2759 predicave-

133 2775 190 2831 XX.
201 2778 238 2833 Et
251 2779 390 2850 quoniam
403 2780 532 2836 Joannes
545 2778 677 2851 Baptista
692 2778 786 2835 eidcm
802 2777 926 2834 Domino
981 2775 1134 2847 rat,digito
1145 2775 1673 2846 demonstravit,dicens:Ecceapuua
1684 2778 1743 2842 Dei,
1754 2792 1809 2832 ecee

98 2869 198 2921 nostro
214 2865 284 2923 Jesu
300 2867 416 2924 Christo
436 2867 625 2941 singulariter
648 2883 682 2922 ac
708 2867 771 2923 sine
787 2882 926 2922 mensura
980 2867 1029 2938 qui
1041 2866 1114 2921 toltit
1137 2872 1246 2936 pecema
1268 2864 1603 2937 munditluoa.1).Eccc
1628 2882 1726 2939 agnus
1749 2865 1807 2931 Dei,

98 2953 197 3010 datam
209 2955 337 3028 Spiritus
353 2956 518 3030 largitatem
534 2955 618 3023 dixit,
635 2955 664 3011 ia
680 2972 738 3027 quo
754 2953 851 3010 omnis
865 2953 925 3026 ple·
979 2970 1045 3010 ecce
1060 2952 1210 3022 innocens,
1224 2955 1253 3008 et
1268 2953 1303 3009 ab
1318 2953 1397 3008 omni
1412 2957 1530 3025 peccato
1547 2953 1695 3009 immunis
1712 2957 1808 3026 utpote

99 3042 202 3100 nitudo
217 3043 380 3102 divinitatis
395 3046 509 3101 habitat
519 3045 605 3117 (tour.
618 3043 672 3116 ιιι),
685 3045 771 3116 cujus
785 3042 884 3100 anima
898 3044 927 3098 et
980 3041 1030 3115 qui
1041 3059 1073 3098 os
1083 3041 1203 3114 quidem
1215 3042 1250 3097 de
1261 3041 1378 3097 ossibus
1388 3043 1491 3110 Adam,
1504 3045 1532 3097 et
1544 3058 1664 3099 carnem
1676 3042 1808 3099 decarne

98 3148 166 3190 caro
176 3149 244 3190 cum
253 3133 348 3190 Verbo
364 3152 441 3190 unus
456 3139 500 3190 est
515 3133 658 3199 Christus,
669 3137 698 3189 et
718 3131 823 3189 unicus
835 3131 924 3198 iilius,
979 3130 1140 3198 Adam,sed
1151 3129 1263 3186 nullam
1274 3129 1434 3202 peceatrice
1450 3132 1486 3185 de
1504 3146 1592 3186 carne
1608 3131 1700 3187 traxit
1716 3148 1808 3188 macu-

97 3220 198 3277 anima
212 3221 278 3293 ejas
294 3221 409 3295 plenam
422 3223 450 3277 ia
463 3240 494 3279 se
505 3220 665 3278 divinitatis
681 3220 784 3277 habuit
799 3236 923 3293 semper,
940 3203 961 3272 (i
979 3218 1038 3276 lam
1054 3217 1156 3291 culpe.
1167 3218 1239 3275 Ecce
1260 3218 1310 3291 qui
1334 3217 1410 3274 tollit
1433 3222 1588 3291 peccatum
1612 3220 1731 3288 mundi,
1746 3235 1808 3276 eccs

57 3304 63 3314 ’
97 3313 127 3366 ct
141 3308 230 3366 habet
245 3311 389 3379 notitiam,
402 3329 468 3368 cum
484 3329 547 3385 qua
567 3307 924 3369 naturaliterunacredi·
979 3307 1029 3381 qui
1040 3309 1141 3380 justus
1155 3306 1232 3363 inter
1245 3311 1421 3380 peccatores,
1432 3306 1513 3364 mitis
1530 3307 1609 3364 inter
1622 3307 1805 3382 impios‚hoc

98 3396 264 3455 turbabere
279 3415 445 3472 personam.
456 3401 520 3474 Ipse
534 3405 580 3457 est
589 3401 667 3457 enim
684 3399 734 3473 qui
751 3400 800 3455 dat
815 3396 924 3455 sanctis
978 3395 1125 3469 est‚quusi
1143 3413 1236 3469 agnus
1253 3395 1329 3451 inter
1342 3395 1428 3469 lupos
1443 3412 1588 3469 apparens
1604 3396 1697 3454 ctiam
1713 3413 1808 3470 pecca

99 3575 230 3631 oundum
241 3575 435 3647 divinitatem,
447 3578 544 3634 minor
554 3579 638 3634 Patre
649 3578 811 3634 secundum
824 3576 926 3631 huma·
1014 3573 1083 3630 XXI.
1096 3574 1245 3641 Quomodo
1256 3577 1354 3628 autem
1366 3578 1518 3646 peccatum
1534 3574 1640 3631 mundi
1652 3573 1806 3649 tolletque

98 3663 232 3721 nitatem.
243 3667 280 3721 at
289 3666 359 3739 quia
369 3671 472 3739 potens
486 3670 531 3723 est
542 3666 578 3721 ad
590 3681 758 3721 mensuram
770 3664 849 3729 dare,
861 3662 925 3718 idco
979 3660 1080 3718 ordine
1091 3662 1237 3734 justificet
1252 3660 1368 3734 impios,
1381 3661 1532 3736 apostolus
1549 3664 1654 3720 Petrus
1671 3664 1807 3722 ostendit.

99 3768 157 3808 noa
173 3753 275 3808 debuit
289 3755 324 3809 ad
341 3771 511 3810 mensuram
531 3753 671 3824 accipere.
688 3752 719 3807 ln
740 3752 833 3806 torma
847 3750 925 3805 enim
980 3749 1031 3823 qui
1045 3749 1086 3804 ait
1099 3765 1105 3804 :
1118 3750 1411 3822 Nencorruptibititus
1421 3759 1531 3823 arpenta
1541 3752 1584 3808 oct
1598 3768 1671 3809 aare
1681 3752 1809 3825 redempti

99 3839 150 3894 Dei
163 3855 295 3907 maneas,
306 3841 449 3912 Spiritum
461 3841 511 3896 dat
524 3856 530 3895 :
545 3840 669 3895 formam
684 3839 757 3895 servi
769 3837 924 3910 accipiens,
979 3840 1044 3895 estis
1058 3838 1091 3894 de
1105 3855 1177 3894 uana
1187 3847 1276 3895 uestra
1284 3842 1489 3896 concrematione
1497 3848 1626 3912 pateram
1639 3841 1808 3908 seditiosu,

100 3926 243 4000 Spiritum
259 3928 380 4001 accepit.
393 3928 494 4001 Ipsum
510 3928 693 4002 enim,quem
705 3928 740 3985 ad
756 3944 926 3983 mensuram
981 3929 1030 3983 sed
1046 3926 1172 3999 pretioso
1188 3927 1432 4001 sanguine,quasi
1448 3929 1517 4001 agni
1541 3928 1770 3987 incontaminati
1784 3933 1810 3986 ct

100 4014 161 4083 dat,
173 4019 269 4072 totam
285 4018 406 4090 accepit.
423 4016 503 4074 ldem
524 4018 660 4074 sacerdos
685 4022 714 4074 et
737 4016 925 4083 sacrificium,
980 4014 1162 4071 immaculati
1176 4015 1246 4071 Jcsu
1263 4015 1579 4090 sanctitatemque
1594 4016 1810 4092 iaapocalypsi

99 4104 220 4161 venians
230 4106 267 4161 ad
279 4123 333 4163 nos
344 4107 446 4164 offerre
459 4124 511 4180 pro
527 4106 622 4175 nobis,
632 4107 708 4180 quod
719 4105 882 4177 assumpsit
892 4121 927 4160 ex
979 4104 1108 4162 loannes
1123 4103 1274 4178 apostolus
1289 4121 1295 4159 :
1312 4107 1370 4179 Qui
1383 4104 1483 4161 ditexit
1503 4122 1563 4172 nos,
1582 4107 1693 4180 inquit,
1705 4115 1732 4166 et
1746 4109 1812 4164 iuuit

100 4194 197 4262 nobis,
218 4198 251 4251 ut
266 4195 421 4253 auterreta
435 4195 519 4253 nobis
530 4197 608 4269 quod
623 4196 733 4253 invenit
748 4195 777 4251 in
790 4194 885 4263 nobis,
897 4194 926 4250 id
980 4210 1028 4250 uos
1045 4211 1062 4249 a
1074 4195 1193 4266 maeatis
1207 4195 1308 4250 uostris
1329 4196 1359 4250 iu
1383 4197 1520 4265 saupaiue
1533 4211 1583 4252 suo
1599 4196 1694 4269 (Aper.
1707 4197 1737 4268 ι).
1750 4197 1809 4253 h'oa

99 4286 144 4338 est
160 4288 323 4355 peccatum,
340 4284 483 4342 mediator
506 4284 556 4342 Dei
581 4289 610 4341 et
633 4284 798 4354 hominum,
814 4283 926 4339 habeas
981 4282 1184 4339 solumautem
1195 4280 1265 4336 lavit
1277 4298 1331 4338 nos
1342 4282 1659 4355 apeccatisaostrisia
1669 4283 1810 4358 sangnine

101 4387 168 4427 cum
183 4371 268 4428 Patre
289 4374 423 4430 camdem
439 4373 601 4430 diuinitatis
622 4377 768 4440 naturam,
780 4375 808 4428 et
822 4371 927 4427 huma·
981 4388 1045 4440 suo,
1060 4371 1177 4443 quando
1197 4371 1371 4445 sanguinem
1393 4388 1480 4427 suum
1501 4371 1583 4428 dedit
1603 4372 1635 4429 ia
1659 4389 1747 4430 cruce
1761 4387 1810 4446 pro

100 4457 201 4515 nitatis
213 4461 347 4517 eamdem
358 4478 425 4518 cum
443 4467 535 4518 matre
546 4462 754 4518 substantiam.
767 4460 884 4516 Habeas
894 4475 928 4515 ex
981 4458 1131 4527 nobis,vel
1148 4459 1266 4532 quando
1286 4448 1409 4532 quisque
1429 4463 1564 4516 nostrum
1587 4461 1617 4516 in
1637 4460 1809 4536 mysterium

102 4545 186 4602 nobis
201 4564 297 4621 usquc
310 4550 346 4605 ad
359 4555 494 4618 mortem,
507 4554 612 4608 nostra
623 4549 790 4623 iniquitatis
800 4565 926 4622 poeaam,
942 4572 966 4638 D
981 4552 1172 4605 sacrosancta
1188 4547 1334 4621 passionis
1344 4547 1424 4606 illius
1438 4548 1578 4622 baptismi
1590 4549 1681 4623 aquis
1695 4550 1810 4607 ablutus

101 4632 213 4691 habens
228 4635 499 4696 incommutabilem
524 4639 560 4698 de
586 4639 644 4695 Deo
665 4638 749 4696 Patre
767 4637 925 4710 justitiam.
982 4642 1152 4694 esttrerum
1167 4636 1256 4693 etiam
1272 4637 1402 4710 quotidie
1416 4635 1493 4693 tollit
1507 4643 1628 4711 peccata
1643 4637 1810 4707 mundila-

102 4723 222 4795 Propter
232 4729 362 4782 nostram
373 4727 559 4804 iniquitatem
568 4726 924 4801 temporalitermortuus,
980 4731 1086 4799 ratque
1095 4743 1148 4782 nos
1159 4725 1310 4799 apeccatis
1320 4725 1615 4798 nostrisqaotidianis
1626 4728 1811 4803 insanguine

101 4816 220 4884 propter
230 4812 379 4885 justitiam
395 4833 491 4886 suam,
507 4820 536 4873 et
550 4816 613 4890 ipse
633 4833 749 4889 semper
762 4814 855 4872 rivus.
871 4815 925 4882 Oui
981 4832 1121 4882 suo,cum
1136 4813 1269 4888 ejusdem
1287 4815 1378 4872 beate
1394 4814 1541 4888 passionis
1551 4816 1589 4872 ad
1600 4816 1696 4874 altare
1706 4833 1810 4874 memo·

101 4900 244 4960 Dominus
259 4907 289 4959 et
309 4920 358 4960 rex
381 4904 480 4979 gloria
491 4906 576 4974 (Prot.
592 4910 673 4975 xxiia)
689 4905 846 4961 crucifixus
870 4908 925 4973 est,
981 4903 1025 4960 ria
1039 4903 1281 4976 replicatur,cum
1299 4902 1385 4976 panis
1399 4903 1501 4960 etvini
1517 4909 1666 4975 creatura,
1676 4905 1707 4963 in
1719 4920 1810 4963 sacra·

100 5007 136 5047 ex
149 4989 320 5058 infirmitate
336 4999 446 5062 nostra,
454 4995 504 5051 sed
519 4994 589 5050 vivit
599 5012 633 5052 ex
647 4994 755 5051 virtute
768 5011 832 5050 sua.
846 4994 925 5051 Idem
981 4999 1114 5050 meatum
1130 4993 1228 5050 carnis
1243 4998 1271 5050 et
1286 4993 1440 5067 sanguinis
1461 4994 1514 5062 eis,
1530 4992 1676 5051 ineffabili
1691 4994 1809 5069 spiritus

101 5079 179 5137 Deus
194 5081 244 5154 qui
260 5081 290 5137 in
307 5099 393 5139 cruce
409 5083 496 5140 homo
511 5084 607 5140 iactus
626 5083 773 5157 pependit,
785 5087 813 5139 et
832 5083 863 5139 in
881 5100 925 5140 se·
981 5082 1412 5151 sanctificationetransfertur3
1423 5082 1643 5156 sicquecorpus
1653 5083 1808 5159 etsaaguis

103 5170 204 5242 pulcro
219 5170 297 5227 idem
308 5172 385 5229 Deus
395 5171 483 5230 homo
494 5174 589 5229 tactus
600 5171 693 5244 Jacuit
705 5189 711 5227 :
724 5172 774 5229 sed
790 5170 820 5227 ia
832 5168 928 5244 sepul·
981 5172 1071 5239 illius,
1088 5189 1146 5227 noa
1161 5170 1325 5228 infidelium
1341 5170 1478 5227 manibus
1494 5171 1531 5227 ad
1546 5171 1712 5245 perniciem
1728 5187 1807 5230 suam

102 5275 151 5314 cro
166 5261 330 5317 secundum
349 5261 442 5318 solam
463 5278 580 5318 carnem
595 5261 672 5317 idem
690 5261 766 5317 Deus
777 5260 880 5332 jacuit,
897 5263 926 5316 et
981 5259 1115 5316 tunditur
1129 5264 1157 5316 et
1171 5259 1323 5327 occiditur,
1345 5260 1394 5316 sed
1416 5257 1548 5316 ssdelium
1562 5275 1613 5316 ore
1635 5260 1807 5319 sumiturin

102 5345 131 5401 in
148 5346 295 5403 internum
315 5350 479 5406 secundum
501 5350 594 5406 solam
618 5350 747 5406 animam
763 5349 925 5418 descendit,
981 5347 1655 5424 saluteanujusreotefiguramagnusinlege
1665 5349 1806 5426 paschalis

102 5438 131 5490 et
145 5438 303 5494 resurrexit
317 5439 401 5495 tertia
425 5439 472 5495 dio
495 5456 601 5496 carne:
616 5439 686 5511 quia
700 5442 850 5510 peccatum
867 5456 926 5494 noa
980 5438 1176 5510 ostendit,qui
1187 5436 1277 5495 semel
1293 5437 1434 5510 populum
1446 5437 1481 5493 da
1490 5439 1663 5512 AEgpptiaca
1674 5441 1807 5497 servitute

103 5522 282 5598 tecit,aquo
297 5533 462 5602 resurgeret
476 5529 576 5585 anima
588 5529 613 5598 (t
623 5527 683 5584 Cor.
695 5531 753 5596 xv).
769 5526 833 5599 ipse
848 5528 926 5585 Deus
978 5527 1118 5595 liberans,
1134 5526 1164 5582 in
1194 5526 1365 5583 memoriam
1379 5525 1513 5598 ejusdem
1543 5525 1733 5586 liberationis
1761 5543 1806 5601 per

104 5614 133 5667 et
147 5610 235 5671 homo
258 5617 391 5674 ascendit
409 5617 440 5674 ia
454 5618 571 5685 coelum,
587 5621 616 5674 et
628 5617 710 5675 sedet
734 5616 770 5672 ad
793 5616 926 5673 dextram
980 5632 1082 5674 omnes
1098 5631 1191 5672 annos
1212 5613 1413 5672 immolatione
1432 5631 1488 5672 sua
1509 5615 1657 5690 populum
1674 5617 1803 5676 camdem
