3810 6098
105 226 144 288 (Π
564 212 762 279 bracbant
786 212 1012 277 caunensis
1036 212 1345 280 aucatbrtscort.
1777 223 1818 284 68

106 356 186 411 luere
197 350 319 426 prolata.
332 353 513 425 Quapropter
522 349 656 422 quamvis
665 348 774 406 blando
784 349 870 404 sibilo
881 363 931 403 eos
946 350 968 414 Α
987 347 1221 420 colloqueremur
1235 367 1379 419 sermono,
1391 357 1420 407 et
1430 368 1480 407 eos
1491 351 1515 406 si
1527 351 1625 425 aliquo
1640 353 1730 408 mode
1741 354 1819 410 vale-

106 444 225 516 quidam
238 441 396 497 charaxare
408 439 606 495 volueruntde
617 439 736 510 eoquod
748 437 936 494 sanetusCea·
990 453 1089 491 remus
1104 437 1140 491 ab
1156 437 1210 493 hac
1226 456 1313 510 praua
1327 439 1489 495 intentione
1511 439 1548 494 ad
1573 439 1724 496 catholicae
1751 440 1821 498 ndei

107 532 232 588 festinus
241 529 394 601 episcopos
403 527 933 600 Gallicanosredarguit,dicens(epict.
990 524 1132 581 unitatem
1145 527 1448 598 cooperanleDemioo
1460 531 1737 586 revocaremus.Sed
1750 530 1822 603 quia

106 621 134 693 8)
148 638 174 676 z«
185 618 260 686 Quid
278 616 338 672 illic
350 615 458 688 inquit,
470 615 530 688 spei
544 618 597 682 ast,
610 615 660 671 ubi
671 615 821 688 magistris
836 618 934 669 tacen-
989 614 1096 684 partim
1112 616 1353 686 occupationibus
1368 616 1530 689 prepediti,
1547 618 1656 690 partim
1671 624 1771 674 autem
1788 621 1820 675 in

106 710 184 766 tibus
199 706 229 762 hi
252 705 425 776 loquuntur,
443 703 492 775 qui
510 702 534 759 si
551 703 592 758 ita
612 709 657 759 est
677 720 777 758 eorum
797 701 933 775 discipuli
989 703 1125 758 fraternis
1148 704 1336 760 suasionibus
1352 705 1451 761 minus
1467 723 1556 778 quam
1578 722 1698 761 neeesse
1725 707 1821 763 fuerat

106 814 162 852 non
180 793 321 850 fuerunt?
333 792 435 847 Timeo
447 809 482 846 ne
494 792 629 848 cohibere
639 793 677 847 sit
691 792 746 846 hoe
761 797 856 846 tacere
873 808 879 844 :
897 790 934 844 ti·
989 792 1131 859 obauditi,
1143 810 1278 865 eosquos
1289 811 1405 849 monere
1417 794 1619 867 disposuimus
1631 812 1714 851 asna
1724 795 1820 851 inten-

104 901 168 940 mco
185 899 221 938 ne
241 880 336 954 magis
354 880 409 953 ipsi
431 880 601 952 loquantur,
613 879 663 952 qui
683 879 857 952 permittunt
875 879 934 934 illis
990 880 1067 936 tione
1087 898 1221 938 revocare
1240 882 1451 954 nequivimus:
1469 883 1537 940 inde
1551 883 1633 955 quia,
1649 884 1730 940 sicut
1748 884 1821 941 dicit

103 973 201 1034 taliter
216 970 305 1043 loqui.
320 971 350 1025 ln
366 968 476 1025 talibus
490 969 589 1024 causis
603 986 659 1025 non
673 973 753 1024 caret
767 966 933 1040 suspicione
987 968 1153 1040 llpostolus,
1168 970 1353 1040 Quorumdam
1372 971 1518 1027 homiuum
1537 980 1647 1044 peecata
1669 974 1819 1044 manifeste

103 1060 301 1127 taciturnitas,
316 1057 385 1131 quia
400 1060 565 1113 occurreret
579 1057 685 1113 veritas
701 1057 724 1112 si
740 1056 854 1111 falsitas
870 1057 933 1111 dis·
986 1067 1060 1123 scrut,
1085 1058 1269 1130 praecedentia
1296 1059 1331 1114 orl
1351 1060 1507 1131 jruiieium,·
1532 1061 1663 1133 quosdam
1687 1070 1780 1117 autem
1792 1071 1819 1119 et

103 1150 233 1223 plieeret.
247 1147 348 1203 lllorito
360 1163 486 1218 namque
497 1163 588 1201 eausa
604 1163 656 1200 nos
668 1145 795 1216 respicit,
808 1145 832 1199 si
848 1144 934 1199 silon·
986 1147 1198 1219 aridaequuutur.
1214 1147 1350 1204 Similiter
1363 1157 1389 1205 et
1402 1152 1475 1221 fecto
1490 1150 1559 1205 deuo
1577 1151 1728 1221 econtrario
1742 1159 1814 1217 aaut,

104 1239 143 1294 tio
160 1240 308 1293 faveamus
323 1235 443 1292 errori.»
457 1235 516 1290 Nos
528 1239 625 1289 tamen
642 1232 751 1306 plnres,
764 1234 814 1305 qui
831 1249 931 1288 eorum
985 1244 1011 1290 et
1024 1252 1086 1306 iprae
1100 1238 1181 1291 atib‘r
1194 1254 1223 1292 ae
1237 1236 1344 1302 latitent,
1361 1238 1490 1293 abscondi
1503 1255 1559 1292 oea
1574 1248 1691 1310 poscunt
1707 1240 1730 1310 ll
1748 1241 1814 1295 Tim.

103 1328 287 1397 etfrdem,et
313 1325 488 1392 doctrinam,
512 1328 541 1378 et
571 1324 754 1395 prudentiam
785 1323 930 1390 novimus,
986 1343 1013 1391 v,
1029 1327 1074 1391 al,
1090 1327 1146 1392 25),
1159 1326 1230 1381 acteo
1250 1328 1447 1397 quorumdam
1463 1327 1589 1382 exerevit
1606 1327 1766 1395 dissensio,
1783 1334 1816 1384 ut

104 1417 202 1472 minus
218 1416 247 1470 in
263 1415 305 1470 eis
327 1414 384 1468 ista
404 1412 593 1467 noscentibus
613 1412 788 1466 sententiam
806 1429 856 1482 pro
872 1410 931 1465 dis·
986 1412 1047 1468 hae
1061 1413 1245 1469 dissonantia
1259 1416 1295 1469 ad
1311 1419 1436 1470 vestram
1453 1415 1616 1487 perueniret
1630 1416 1816 1481 notitiam,et

103 1507 238 1562 sensione
267 1502 404 1575 baptismi
437 1504 474 1556 de
507 1502 592 1557 bento
612 1500 766 1573 Cypriane,
789 1517 806 1555 a
830 1504 931 1555 saneto
986 1502 1117 1574 synodali
1130 1504 1317 1575 decreto‚pro
1329 1503 1390 1559 zelo
1402 1503 1814 1561 fideictunanimitatisamo·

101 1595 265 1666 Augustino
290 1592 487 1646 collaudatam
515 1607 725 1662 saepenumero,
741 1589 771 1643 ln
787 1588 860 1643 libro
884 1605 931 1643 se·
986 1608 1026 1658 re,
1039 1597 1195 1663 antequem
1212 1592 1272 1646 baec
1288 1591 1372 1647 nobis
1388 1594 1601 1664 perscrutanda
1613 1593 1815 1650 committere·

102 1684 197 1739 eundo
222 1683 258 1737 de
283 1681 431 1753 baptismo
449 1683 546 1747 (emur.
565 1681 661 1735 Dmrot.
679 1696 704 1733 e.
722 1680 749 1746 l)
766 1678 890 1750 positam
906 1679 930 1733 8
946 1714 970 1780 B
985 1679 1033 1745 tis,
1046 1684 1173 1750 quatuor
1187 1679 1316 1751 capitula
1330 1681 1489 1751 episcopali
1505 1685 1529 1736 Δ
1545 1680 1724 1737 diffinitione
1734 1683 1816 1738 vobis

102 1770 320 1844 proposuimus.
332 1794 345 1820 «
357 1769 507 1834 Quomodo
532 1768 622 1834 enim,
637 1767 741 1839 inquit,
754 1767 849 1839 potuit
873 1766 929 1822 ista
985 1769 1019 1823 de
1028 1767 1238 1824 catholicorum
1249 1769 1366 1823 Patrum
1376 1769 1462 1824 dietis
1474 1768 1615 1842 colligi,ct
1626 1770 1814 1842 singulorum

101 1879 147 1918 res
158 1861 248 1916 tantis
257 1858 480 1914 altercationum
492 1856 608 1912 nebulis
619 1857 793 1912 iuvelulaad
806 1855 927 1928 plenarii
982 1858 1134 1929 exigeretis
1151 1857 1288 1913 manibus
1313 1857 1454 1913 roborari.
1473 1858 1576 1913 Postea
1588 1875 1657 1915 uero
1669 1850 1713 1914 *et
1740 1877 1814 1932 quc-

101 1949 216 2005 eoucilii
232 1947 412 2002 luculentam
428 1945 654 1999 illustrationem
666 1944 927 2000 confirmationem·
982 1946 1118 2000 rumdam
1138 1964 1172 2001 ex
1196 1945 1243 2001 his
1260 1946 1309 2018 qui
1334 1946 1444 2001 eisdem
1462 1946 1600 2018 capitulis
1624 1949 1813 2021 subscripse-

100 2055 157 2110 qne
173 2036 302 2108 perduci,
314 2033 370 2089 nisi
387 2033 481 2106 primo
494 2033 608 2088 diutius
623 2050 674 2104 per
689 2033 768 2088 orbis
784 2038 925 2088 terrarum
982 2039 1058 2100 ruant,
1071 2039 1100 2089 et
1110 2034 1235 2089 alierum
1248 2036 1336 2090 etiam
1352 2035 1499 2094 intantum
1509 2040 1554 2091 est
1566 2035 1756 2093 accumulate
1766 2055 1813 2093 vo·

101 2127 233 2198 regiones
250 2123 352 2178 multis
367 2121 434 2177 hino
450 2126 537 2194 atque
552 2121 621 2176 hine
635 2121 883 2194 disputationibus
897 2127 926 2178 et
981 2123 1131 2190 eerclia,ut
1141 2140 1260 2184 neeesse
1273 2125 1346 2179 foret
1356 2124 1646 2197 etjussionisvestra
1657 2125 1811 2193 instantia,

100 2212 304 2271 collationibus
315 2210 518 2284 opiscoporum
535 2214 680 2282 pertracta
690 2211 857 2266 constaret?
869 2213 925 2267 lloc
980 2217 1009 2267 et
1024 2213 1219 2267 exsecutionis
1235 2217 1341 2268 nestra
1352 2212 1529 2279 obedientia,
1542 2213 1610 2269 hine
1621 2230 1725 2269 eorum
1739 2232 1812 2286 quos

100 2308 198 2359 autem
215 2301 283 2357 facit
297 2301 409 2356 sanitas
420 2299 510 2372 pacis,
523 2304 557 2353 ut
568 2315 634 2354 eum
647 2299 759 2355 diutius
770 2300 869 2370 aliqua
878 2300 925 2356 ob·
980 2301 1176 2372 praemisimus
1188 2302 1305 2374 seriptis
1316 2305 1345 2357 et
1356 2302 1606 2374 propositionibus
1617 2302 1739 2358 litterali
1748 2303 1809 2360 olli-

101 2394 232 2449 scuriera
247 2393 428 2463 quaeruntur,
441 2394 469 2443 ct
486 2392 604 2460 prepter
619 2387 781 2443 inveniendi
798 2389 924 2444 difficul·
979 2391 1023 2446 cic
1035 2391 1221 2462 respondere.
1231 2391 1308 2446 luter
1317 2408 1380 2462 qum
1392 2398 1420 2446 et
1432 2390 1479 2446 his
1490 2390 1710 2463 capitulisque}
1723 2392 1807 2448 nobis

99 2480 334 2536 talemdiversas
363 2477 483 2550 pariunt
506 2477 536 2531 in
561 2476 687 2530 fraterna
714 2477 924 2548 disceptatione
979 2497 1072 2551 nuper
1087 2480 1218 2546 dedistis,
1236 2497 1287 2552 pre
1303 2479 1396 2534 nostri
1412 2479 1550 2551 ingenioli
1567 2481 1741 2552 capacitate,
1752 2483 1805 2536 snb

100 2568 271 2637 sententias,
284 2567 375 2622 donee
391 2567 426 2620 ed
449 2582 550 2621 verum
567 2564 711 2634 liquidum
728 2566 922 2637 perveniatur,
979 2568 1125 2623 dubietate
1136 2573 1234 2623 tamen
1247 2567 1545 2641 respondimus:quia
1556 2585 1613 2623 nen
1625 2570 1805 2625 credidimus

100 2657 248 2713 vinculum
268 2658 438 2728 permaneat
453 2654 586 2722 unitatis,
599 2670 634 2707 no
653 2653 682 2707 in
704 2658 784 2724 parte
804 2653 924 2724 precisa
979 2661 1011 2711 ut
1029 2657 1133 2711 fratres
1146 2661 1174 2711 et
1183 2656 1345 2728 coepiscopi
1363 2656 1454 2711 nostri
1466 2660 1568 2711 centra
1582 2657 1701 2730 regulas
1716 2658 1805 2714 ecele-

99 2751 250 2803 remaneat
260 2744 422 2800 insanabile
432 2742 540 2798 vulnus
550 2742 667 2798 erroris.
679 2743 713 2797 Et
723 2742 787 2797 ideo
799 2742 924 2813 plerum·
979 2745 1113 2801 siastieas
1129 2745 1283 2800 aduersum
1297 2761 1351 2799 uos
1365 2744 1436 2801 talia
1451 2745 1624 2800 debuissent
1639 2747 1804 2802 conscribe·

98 2853 155 2907 que
171 2834 350 2890 doctioribus
366 2831 465 2888 minus
481 2832 590 2904 aliquid
609 2831 760 2897 revelatur,
776 2836 808 2886 ut
821 2848 922 2886 corum
978 2852 1007 2889 rc
1020 2852 1026 2890 :
1039 2833 1201 2907 prasertim
1213 2851 1281 2888 cunr
1292 2850 1350 2889 non
1366 2832 1536 2905 ignorarent
1550 2833 1713 2891 Dominicis
1723 2836 1807 2892 insti·

98 2924 213 2997 patiens
232 2927 260 2979 et
275 2922 396 2978 humilis
417 2920 594 2988 charitas,in
612 2938 670 2992 qua
695 2922 807 2975 fructus
830 2921 923 2991 major
976 2924 1139 2979 tutioribus
1155 2927 1184 2978 et
1208 2921 1322 2995 legibus
1346 2926 1446 2977 saneto
1465 2922 1581 2998 ¹Spiritu
1607 2924 1805 2997 promulgatis

97 3017 151 3082 est,
168 3013 383 3085 comprobetur,
400 3010 443 3067 vel
467 3010 613 3082 quomedo
639 3014 756 3064 teneant
780 3009 921 3064 unitatem
980 3014 1129 3086 prefixum
1145 3029 1220 3079 esse,
1231 3010 1356 3082 qualiter
1371 3011 1394 3066 si
1411 3011 1440 3065 in
1457 3012 1602 3083 saepefatis
1617 3012 1724 3085 eapitis
1739 3013 1805 3068 fidoi

97 3121 165 3158 eum
181 3102 210 3157 in
231 3103 317 3158 rebus
341 3099 563 3157 obscurioribus
579 3098 694 3177 diuersa
723 3099 862 3164 sentiunt,
880 3096 922 3151 vel
939 3079 960 3146 C
979 3103 1213 3174 obloqueremur,
1233 3117 1285 3155 nos
1314 3100 1498 3172 compellare,
1524 3105 1552 3155 ct
1575 3104 1646 3155 tunc
1670 3100 1803 3174 synodali

99 3192 246 3264 quomodo
261 3190 406 3260 accipiant
424 3188 574 3243 veritatem
592 3203 659 3242 cum
685 3192 785 3241 contra
801 3187 829 3240 id
845 3186 922 3256 quod

98 3279 265 3334 sentiebant
280 3275 459 3330 declaratum
475 3290 540 3329 esse
555 3278 771 3345 cognoscunt.»

132 3365 270 3422 Sciebant
290 3379 418 3435 namque
437 3361 526 3417 iidem
545 3360 725 3416 venerabiles
745 3360 878 3415 catholici
895 3364 924 3416 et

95 3454 172 3510 docti
187 3452 251 3520 viri,
266 3451 335 3524 quia
356 3451 386 3505 in
410 3449 512 3506 multis
535 3449 703 3521 regionibus
718 3467 751 3505 ao
767 3448 922 3522 provinciis

95 3545 156 3600 hee
171 3541 310 3616 pestilera
327 3543 389 3595 erat
404 3542 584 3593 recommota
599 3538 741 3594 doctrina.
757 3539 792 3594 llt
808 3539 871 3594 ideo
887 3539 923 3594 si-

94 3633 217 3690 lentium
234 3630 262 3686 in
275 3631 337 3685 suis
349 3628 505 3700 provinciis
517 3628 665 3698 imponere
679 3633 738 3682 tam
749 3628 832 3683 facilc
844 3629 922 3684 sicut

93 3726 168 3781 forle
182 3724 317 3794 poterant
331 3717 488 3773 noluerunt
504 3716 605 3783 errori,
618 3717 709 3771 donce
725 3718 759 3771 od
777 3717 921 3789 plurimo-

28 3794 32 3802 ,
93 3830 160 3870 rum
173 3809 307 3867 notitiam
318 3810 456 3879 perventa
469 3804 664 3878 plurimorum
676 3806 789 3876 judicie
800 3806 921 3878 queastio

92 3902 257 3973 sopiretur:
275 3895 345 3968 quia
360 3899 393 3950 ut
406 3894 478 3950 dicit
493 3898 614 3950 sanetus
628 3894 800 3951 Caelestinus
816 3896 844 3950 in
860 3897 920 3969 epi·

93 3989 169 4045 stola
183 3988 218 4043 ad
236 3984 402 4063 Nestorium
418 3984 532 4039 directa
543 3984 631 4056 (epist.
642 3985 660 4038 5
671 3987 701 4039 in
710 3986 800 4055 finge
813 3986 921 4053 Omnes

92 4079 199 4135 debent
215 4091 302 4132 nosse
316 4073 395 4146 quod
423 4072 531 4144 agitur,
548 4073 663 4144 quoties
685 4074 816 4128 omnium
832 4091 921 4129 eausa

92 4171 247 4238 tractatur,
256 4187 270 4215 »
282 4162 417 4220 uidelicet
432 4165 465 4216 ut
480 4178 546 4217 eum
557 4162 689 4217 omnium
704 4163 735 4217 iu
750 4165 838 4219 unius
855 4182 920 4237 pru-

93 4257 238 4333 positionc
255 4254 342 4311 suerit
354 4251 481 4308 diffinita
491 4251 676 4319 consultatio,
688 4256 860 4309 cunctorum
875 4271 921 4308 va·

92 4346 149 4403 leat
160 4348 195 4402 ad
209 4362 312 4402 omnes
322 4359 459 4401 emanare
474 4341 591 4399 solutio.
604 4342 668 4397 llaec
679 4343 780 4397 eadem
793 4360 920 4414 uanaque

973 3191 1086 3261 judicie
1103 3208 1156 3246 nos
1171 3195 1345 3260 nostrasque
1361 3189 1521 3245 sententias
1537 3206 1553 3244 a
1568 3206 1622 3245 sua
1632 3190 1805 3246 debuissent

977 3279 1182 3334 communione
1197 3277 1360 3349 explodere.
1377 3278 1460 3333 Nune
1484 3294 1562 3345 vcro,
1573 3277 1643 3349 quia
1657 3279 1729 3334 certi
1755 3297 1805 3334 su·

977 3384 1054 3437 mus,
1062 3365 1510 3440 cnjuseornpositionidebemus
1519 3366 1554 3421 de
1564 3367 1803 3438 saepenominatis

976 3456 1190 3529 quaestionibus
1201 3455 1385 3528 respondere,
1397 3455 1519 3510 servatis
1535 3453 1711 3511 relationum
1723 3458 1806 3513 abso-

977 3546 1139 3602 lutionibus
1155 3550 1320 3600 contraeas
1336 3543 1445 3616 quibus
1460 3561 1477 3599 a
1492 3547 1588 3598 vestra
1602 3544 1805 3602 dominatione

976 3652 1027 3708 pre
1043 3634 1179 3706 imposito
1196 3633 1280 3688 nobis
1295 3631 1457 3688 ministerio
1468 3633 1547 3704 jussi
1563 3649 1667 3689 sumus
1682 3635 1805 3691 reddere

976 3724 1129 3791 rationem,
1143 3726 1244 3778 eontra
1259 3722 1319 3776 hae
1336 3725 1450 3776 tantum
1463 3722 1600 3793 capitula,
1613 3727 1759 3793 quantum
1770 3740 1805 3779 cx

976 3813 1060 3869 nobis
1075 3817 1119 3867 est
1133 3827 1200 3866 curu
1212 3810 1350 3865 omuibus
1366 3826 1466 3882 pacem
1479 3809 1629 3878 habentne,
1641 3818 1803 3869 exsaucta-
1828 3828 1831 3835 ’

976 3918 1040 3957 rum
1056 3900 1273 3972 seripturarum
1287 3899 1470 3966 auctoritate,
1483 3904 1511 3954 ct
1521 3899 1733 3956 catholicorum
1750 3901 1804 3957 Pa-

975 3997 1053 4046 trum
1070 3989 1232 4056 sententiis,
1245 3988 1418 4058 simpliciter
1430 3988 1604 4060 respondere
1614 3989 1802 4059 curabimus;

975 4079 1068 4135 utoni
1086 4080 1158 4133 forte
1173 4077 1273 4132 omnia
1291 4076 1342 4132 illa
1362 4076 1456 4148 legere
1472 4095 1528 4132 non
1543 4076 1659 4132 licuerit
1673 4077 1718 4134 val
1743 4096 1803 4136 non

974 4166 1804 4240 libuerit‚biecompendiosasprotemporecapitulorum

975 4254 1179 4326 responsiones
1190 4252 1318 4308 inveniat
1332 4270 1338 4309 :
1351 4270 1424 4324 quas
1437 4253 1540 4308 furatis
1554 4253 1668 4310 horulis
1679 4272 1697 4310 a
1707 4254 1803 4312 diver·

974 4345 1016 4400 sis
1031 4342 1256 4414 occupationum
1272 4341 1573 4413 distensionibus,qui
1585 4342 1802 4415 cogitationum

92 4435 231 4506 capitula,
244 4432 420 4490 sieutlaeile
436 4429 587 4488 reminisci
602 4430 732 4504 potestis,
746 4437 813 4487 ante
828 4432 920 4487 trien·
936 4449 959 4513 D
975 4434 1061 4489 ferias
1077 4450 1134 4488 uon
1151 4431 1304 4499 hahemus,
1317 4431 1394 4484 sicut
1410 4430 1444 4485 de
1460 4429 1613 4486 sententiis
1629 4436 1802 4490 sanctorum

92 4523 174 4576 nium
191 4522 276 4577 nobis
291 4522 321 4575 in
340 4521 409 4576 villa
429 4520 672 4594 Rethomagensis
691 4521 841 4593 episcopii,
853 4539 916 4593 quae

92 4609 186 4666 Nielfa
200 4608 317 4674 dicitur,
329 4611 445 4680 quando
461 4610 490 4664 in
505 4610 637 4667 excubiis
647 4615 748 4667 eontra
762 4612 917 4667 Nortman-

93 4715 197 4754 norum
209 4696 426 4752 infestationem
435 4698 624 4769 degebamus,
632 4702 686 4755 sub
697 4700 781 4756 titulo
792 4702 875 4773 quusi
887 4702 918 4758 in

92 4784 247 4841 Valentina
258 4786 370 4858 synodo
380 4786 546 4858 conscripta
561 4787 679 4853 fuerint,
691 4807 767 4844 auno
781 4790 917 4846 lucarna-

92 4875 182 4932 tienis
198 4874 356 4929 Dominae
372 4875 434 4941 855,
452 4875 506 4929 suh
524 4875 660 4930 Letlrario
676 4875 850 4948 imperatore
866 4881 917 4934 do-

93 4965 189 5030 distis,
206 4968 239 5019 ut
259 4964 295 5018 ad
324 4962 553 5033 illaqnaonobis
582 4962 748 5018 viderentur
776 4965 918 5021 catholice

93 5073 126 5111 ex
142 5053 368 5110 orthodoxorum
386 5049 552 5122 magisterio
569 5052 831 5123 responderemus:
849 5071 915 5108 enm

93 5144 158 5200 aliis
173 5156 416 5217 quorumeunque
432 5139 627 5211 scriptisque
643 5139 711 5195 bine
732 5142 767 5196 ad
790 5147 916 5197 rostram

95 5232 227 5288 notitiam
239 5246 395 5304 pervenere
407 5245 413 5284 :
426 5244 551 5300 quorum
565 5228 699 5299 quadum
716 5230 824 5300 scripta
840 5247 916 5285 rece·

94 5319 202 5391 pimus,
216 5322 265 5376 sed
286 5337 320 5376 ea
339 5316 487 5392 publicare
503 5315 662 5384 noluimus,
677 5318 792 5373 solliciti
809 5334 918 5374 aereaere

94 5409 226 5462 unitatem
239 5412 354 5479 spiritus
379 5410 409 5462 ie
433 5405 542 5462 einerrlo
562 5407 638 5477 pacis
653 5406 731 5477 (Eph.
748 5424 785 5474 ru,
802 5408 828 5477 3)
843 5423 849 5461 :
866 5407 916 5462 ‹lo-

95 5510 148 5554 nec
162 5510 229 5550 eum
244 5495 287 5551 eis
307 5497 356 5573 qui
372 5496 463 5556 vobis
473 5494 523 5552 illa
537 5493 761 5551 transmiserant
780 5494 917 5551 familiari

973 4527 1091 4580 Patrum
1116 4521 1294 4594 accepimns,
1311 4536 1346 4575 ne
1371 4524 1487 4591 torpere
1502 4519 1545 4575 vel
1571 4520 1803 4578 inobedientiae

972 4615 1067 4667 vestra
1082 4611 1289 4664 denotaremur
1304 4607 1469 4663 Christiana
1484 4607 1645 4675 devotione,
1662 4612 1803 4666 commit-

972 4706 1031 4757 tcrc
1054 4696 1201 4754 schedulis
1226 4695 1419 4752 tumultuario
1446 4714 1581 4753 sermone
1603 4697 1799 4756 studuimus:

973 4788 1112 4861 [laconiam
1129 4788 1157 4841 iu
1174 4787 1299 4858 prefectis
1322 4784 1513 4840 relationibus
1535 4785 1682 4858 prouocati
1698 4787 1801 4842 multi-

973 4878 1098 4950 plicibus
1127 4875 1336 4947 multiplicium
1366 4873 1565 4941 illaliouibuS,
1598 4873 1802 4947 multipliciter

973 4964 1244 5037 multiplicibusque
1266 4962 1480 5027 collationibus,
1494 4980 1551 5017 rien
1568 4963 1631 5017 sine
1647 4961 1727 5018 sicut
1742 4965 1800 5018 sci-

971 5071 1039 5107 mus
1055 5057 1083 5106 et
1098 5052 1273 5107 contii-emur
1288 5052 1404 5106 lectoris
1420 5051 1515 5116 laelio,
1527 5068 1616 5107 sensu
1632 5052 1682 5106 scd
1699 5056 1800 5108 lamen

971 5140 1125 5204 catholieo,
1135 5140 1163 5193 in
1176 5141 1270 5195 tribus
1282 5140 1364 5195 libris
1378 5139 1517 5194 lacinioso
1528 5157 1662 5195 sermone
1679 5157 1800 5211 respon-

972 5232 1040 5285 dero
1056 5229 1228 5300 sategimus.
1242 5230 1296 5283 Sed
1313 5227 1343 5283 in
1354 5227 1408 5283 hoe
1422 5229 1548 5282 maxime
1559 5225 1686 5299 benigno
1696 5228 1800 5284 lecturi

973 5336 1025 5374 nes
1041 5318 1208 5373 satisfacere
1229 5322 1429 5385 autumamus,
1444 5316 1514 5388 quia
1533 5315 1719 5389 singulorum
1735 5318 1801 5373 sin-

971 5408 1056 5479 gulas
1072 5422 1187 5478 semper
1206 5409 1346 5476 ponentes
1365 5406 1537 5477 sententiae,
1552 5404 1744 5479 singulariter
1763 5407 1799 5463 ad

972 5495 1086 5568 objecta
1099 5498 1128 5550 ct
1142 5493 1308 5550 resistentia
1324 5494 1390 5549 fidei
1416 5495 1590 5572 respondere
1615 5494 1798 5556 studuimus.
