3810 6098
96 343 166 412 m,
233 360 237 370 .

624 343 676 406 oo
697 343 777 406 ιιιι
798 343 848 404 nr
871 341 950 404 ιιοιι
972 341 1092 403 rarus
1113 341 1296 405 carram.

1752 351 1812 416 tat

89 494 211 544 narum
229 477 396 536 substantia
420 494 480 535 una
493 479 547 547 est,
562 476 590 533 id
616 481 660 533 ast
684 477 777 534 deitas
789 493 796 532 τ
810 493 885 550 quae,
901 479 933 532 ut
946 475 974 543 Α
989 479 1115 549 possunt
1139 476 1273 532 existere.
1291 476 1322 532 ln
1353 475 1403 533 illa
1418 494 1484 533 vero
1499 478 1625 538 essentia
1648 482 1813 558 Trinitatis,

82 569 292 641 Augustinus
307 568 337 624 in
353 566 448 641 primo
462 566 537 624 libro
549 567 584 622 de
594 560 738 623 Trinitate
749 565 830 633 dicit,
841 565 936 622 Trini-

82 658 176 722 tatis
191 663 239 714 est
260 657 370 725 unitas,
388 657 497 712 scilicet
511 674 570 728 qua
589 658 633 711 est
656 654 860 728 inseparabilis
870 655 933 710 Tri-

76 747 193 816 nitas,
206 747 348 820 quoniam
369 763 428 802 una
441 746 602 817 eademque
618 749 663 801 est
678 748 738 800 tota
752 743 781 798 in
798 743 932 816 siugulis,

75 841 166 902 tnta
195 837 225 891 in
257 837 353 893 tribus
382 835 470 892 simul
501 835 643 909 personis.
674 835 834 891 Dicendum
866 851 933 906 ergo

75 929 159 994 ost,
177 925 257 982 sicut
278 925 460 1000 Augustinus
476 925 556 994 dicit,
573 924 701 980 Trinitas
718 942 776 979 una
795 923 932 990 essentia,

75 1019 133 1080 et
147 1032 210 1071 uua
225 1013 392 1070 substantia
407 1018 467 1069 tres
489 1031 629 1086 persona,
645 1013 688 1068 vel
712 1012 841 1068 Trinitas
856 1015 928 1068 m

75 1102 344 1171 substantialiter
361 1119 440 1158 unus
454 1103 532 1158 Deus
554 1120 611 1158 non
632 1103 709 1157 sieut
724 1101 934 1158 Gotbescaleus

77 1191 241 1259 absolute
265 1191 348 1259 dicit,
363 1190 492 1246 Trinitas
517 1191 713 1247 essentialiter
735 1196 822 1263 atque
846 1195 932 1246 natu-

83 1279 207 1349 raliter
220 1284 265 1336 est
282 1297 350 1347 uua,
363 1296 399 1335 ne
414 1278 514 1335 induci
530 1283 649 1352 putetur
664 1297 854 1352 personarum
869 1298 934 1336 con·

85 1369 194 1441 fusio,
211 1370 289 1425 unde
307 1368 393 1441 paulo
418 1369 555 1440 superius
570 1372 713 1441 quantum
731 1386 820 1424 causa
844 1386 932 1442 popo-

89 1459 164 1525 ncit
177 1458 385 1531 praemisimus.
401 1458 459 1513 Nec
475 1457 503 1512 in
524 1457 579 1513 hoc
597 1458 685 1512 eliam
707 1457 765 1513 ullo
786 1459 872 1513 modo
888 1476 932 1514 se-

989 564 1070 620 nullo
1086 565 1172 620 modo
1183 564 1240 620 alia
1250 565 1386 638 quelibet
1396 584 1520 639 persona
1530 586 1564 623 ex
1573 572 1675 628 eadem
1685 577 1814 636 essentia

989 658 1084 726 potest
1098 653 1230 710 existere.
1244 655 1304 710 Nou
1321 656 1398 710 enim
1416 657 1513 727 major
1527 660 1656 716 essentia
1669 667 1714 718 est
1729 665 1814 723 Pater

988 746 1017 797 ιι
1028 741 1118 798 l'ilius
1130 742 1321 815 simul,qnam
1333 744 1413 799 solus
1423 744 1506 800 Pater
1516 750 1566 800 aut
1577 746 1666 803 Filius
1676 767 1682 804 :
1694 753 1742 807 sad
1754 758 1813 811 tres

988 830 1077 886 simul
1089 832 1144 886 iliae
1156 832 1364 898 subsistentiis,
1374 834 1433 888 sive
1444 851 1584 906 perseum,
1597 835 1621 891 si
1633 836 1673 893 ita
1684 839 1812 897 dicendae

988 924 1068 985 sunt,
1081 920 1206 991 rrqrrales
1218 925 1287 975 suot
1297 921 1499 994 singuli,quod
1510 924 1647 980 animalis
1657 925 1745 984 homo
1756 946 1813 986 non

988 1006 1124 1080 pereipit;
1137 1030 1150 1057 n
1167 1013 1195 1063 et
1211 1008 1324 1080 reliqua
1337 1027 1400 1081 quae
1417 1011 1493 1066 sta
1509 1010 1597 1066 latius
1611 1011 1720 1070 ibidem
1736 1016 1813 1073 idem

988 1097 1198 1170 sagacissimus
1214 1099 1314 1152 doctor
1330 1098 1507 1169 exsequitur.
1519 1101 1554 1154 Et
1569 1100 1597 1154 in
1614 1119 1748 1160 sermone
1763 1105 1813 1162 tri-

987 1186 1099 1258 gesimo
1116 1191 1195 1242 sexto
1212 1186 1359 1259 Evangelii
1376 1189 1537 1243 seeundum
1554 1190 1697 1248 loannem
1711 1211 1737 1249 :u
1748 1195 1814 1251 Tri·

988 1275 1065 1330 nitas
1082 1292 1158 1330 unus
1184 1277 1271 1343 Dens,
1289 1276 1416 1331 Trinitas
1433 1295 1492 1333 una
1514 1283 1559 1334 est
1582 1282 1738 1350 aeternitas,
1755 1303 1814 1342 uua

988 1368 1127 1437 potestas,
1145 1383 1203 1419 una
1228 1366 1390 1436 majestas:
1408 1365 1478 1437 qrrid
1496 1384 1564 1439 ergo
1581 1370 1659 1425 tres?
1684 1372 1709 1426 si
1734 1372 1813 1429 cuim

988 1456 1047 1508 tres
1063 1453 1113 1523 ait,
1125 1458 1237 1525 oportet
1253 1453 1333 1509 dieas
1350 1455 1420 1525 quid
1444 1461 1512 1510 tres.
1530 1457 1712 1530 llcspondeo,
1730 1461 1815 1518 Pater

93 1548 243 1627 quendus
262 1551 307 1603 est
322 1545 540 1612 Gothescalcus,
552 1551 585 1602 ut
605 1548 741 1602 credatur
754 1547 798 1602 vel
818 1546 934 1602 dicatur
987 1545 1017 1597 et
1033 1541 1123 1597 Filius
1138 1547 1167 1598 ot
1183 1542 1327 1614 Spiritus;
1345 1543 1372 1597 id
1389 1544 1467 1599 enim
1482 1546 1559 1616 quod
1580 1546 1709 1603 Pateria
1724 1554 1815 1606 seest

98 1636 201 1698 deitas
220 1635 414 1709 personaliter
434 1635 521 1690 trina.
539 1636 592 1703 Qui
609 1635 686 1690 euim
713 1635 805 1691 credit
819 1640 848 1693 et
863 1636 938 1691 dicit
988 1631 1065 1685 Deus
1077 1632 1216 1703 estquod
1229 1631 1270 1685 ud
1283 1631 1387 1686 Filium
1404 1636 1448 1688 est
1464 1633 1548 1689 Pater
1562 1639 1618 1704 est,
1629 1637 1705 1708 quod
1722 1637 1814 1695 Filius

103 1726 216 1787 trinam
231 1724 426 1798 personaliter
440 1723 589 1791 deitatem,
603 1724 674 1779 nihil
692 1724 788 1779 differt
803 1725 839 1779 ab
854 1725 931 1791 Ario,
987 1719 1812 1792 adseipsumDeusest,quodudl'atremestFiliusest.»
1898 1773 1904 1780 .

110 1815 153 1874 nd
165 1814 244 1886 cujus
260 1829 379 1886 pravam
393 1811 615 1885 intelligentiam
627 1812 826 1880 refellendam,
838 1814 930 1869 saneti
987 1807 1022 1862 lli
1038 1812 1102 1880 post
1125 1808 1277 1880 paululum
1295 1827 1320 1864 τι
1337 1810 1399 1864 Non
1414 1815 1457 1865 est
1472 1811 1541 1882 quid
1563 1812 1659 1868 dicam
1679 1817 1738 1871 tres
1755 1814 1812 1872 nisi

119 1902 240 1962 catholici
252 1904 361 1971 Patres,
376 1919 432 1958 non
448 1902 578 1957 humana
593 1901 806 1970 adinventione,
819 1903 868 1959 sed
886 1903 929 1957 di·
986 1895 1099 1951 Patrem
1109 1897 1252 1952 etlilium
1262 1903 1291 1953 et
1299 1898 1443 1970 Spiritum
1453 1904 1699 1967 sanctum‚unum
1708 1904 1812 1972 Deum,

115 1993 177 2049 vina
186 1990 386 2064 inspiratione,
399 1992 426 2045 in
439 2008 521 2047 sacro
536 1990 651 2046 Nicaeno
667 1990 789 2047 coneilio
803 2000 928 2063 ὁμοισιον,
983 2001 1075 2040 unum
1087 1984 1405 2060 omnipotentem,crg0
1419 2005 1511 2043 unum
1524 1990 1773 2063 principium.nEt
1783 1991 1813 2050 in

122 2078 684 2147 idestconsubstantialitatem,videlicet
695 2081 930 2137 unamsubstan·
983 2091 1117 2130 sermone
1139 2075 1289 2147 trigesimo
1310 2076 1435 2149 septimo
1451 2093 1476 2132 τι(
1489 2078 1519 2133 Sl
1535 2078 1613 2134 enim
1629 2081 1707 2152 qued
1728 2082 1813 2154 pauci

126 2170 189 2239 tiam,
198 2168 366 2235 essentiam,
378 2173 526 2236 naturam,
538 2172 566 2224 et
576 2168 712 2224 deitatem
727 2169 815 2224 trium
832 2187 928 2242 perse·
982 2163 1160 2237 intelligunt,
1172 2163 1295 2235 simplex
1306 2169 1350 2220 est
1362 2169 1467 2221 natura
1475 2167 1617 2236 veritatis,
1630 2169 1685 2225 hcc
1696 2169 1811 2229 estillic

129 2275 219 2326 numm,
233 2257 326 2314 Patris
342 2261 371 2314 et
395 2257 458 2312 lilii
482 2261 510 2313 ιι
534 2257 661 2330 Spiritus
686 2257 791 2329 sancti,
807 2259 884 2315 credi
898 2264 928 2315 et
981 2269 1057 2320 esse,
1077 2253 1152 2324 quod
1179 2269 1298 2308 nosse.»
1315 2253 1348 2308 lit
1373 2253 1402 2308 in
1427 2273 1560 2312 sermone
1586 2258 1810 2333 quadragesimo

130 2347 195 2402 ιιιιιιὶ
217 2345 386 2403 firmissime
405 2346 604 2413 decreverunt,
632 2351 660 2402 et
684 2347 719 2402 ab
747 2347 802 2403 hac
827 2347 927 2421 regula
981 2341 1811 2421 quarto:adrianidieunt,alindestPater,aliudFilius,

130 2435 247 2492 deviantes
260 2435 590 2492 anathematizaverunt.
605 2436 813 2493 Gelbescalnus
828 2441 925 2492 autem
980 2429 1065 2502 quasi
1078 2447 1135 2485 non
1152 2431 1212 2486 sint
1227 2432 1359 2503 ejusdem
1372 2432 1543 2488 substantia
1559 2435 1642 2491 Pater
1652 2440 1679 2492 el
1691 2436 1810 2494 Filius.»

131 2522 170 2578 nel
182 2523 239 2596 plus
253 2524 406 2580 comedere
415 2524 515 2580 arolens
526 2541 614 2596 quam
632 2525 750 2592 suflicit,
764 2526 792 2579 id
803 2530 847 2580 est
858 2525 926 2598 plns
981 2518 1012 2573 ln
1028 2535 1163 2574 sermone
1178 2519 1405 2592 quadragesimo
1421 2522 1522 2593 (punito
1536 2539 1542 2577 :
1555 2546 1569 2572 «
1585 2523 1617 2579 Si
1630 2542 1752 2581 manum
1768 2526 1809 2582 in·

131 2616 595 2686 uperaqnamoperteutsapere,et
605 2612 729 2668 scrutari
741 2615 925 2684 majestatem
980 2606 1148 2680 telligamus
1164 2611 1348 2679 potestatem,
1366 2626 1424 2664 una
1438 2615 1482 2666 cst
1498 2610 1590 2667 Patris
1606 2618 1634 2669 et
1649 2613 1714 2672 Filii
1728 2619 1806 2689 pote·

131 2697 187 2755 ultra
194 2718 248 2757 suae
258 2700 440 2756 infirmitatis
449 2701 714 2772 capacitatemhoc
728 2701 925 2775 intelligentia¹
980 2700 1052 2763 stas,
1069 2696 1139 2768 quia
1155 2713 1214 2751 una
1229 2688 1375 2752 divinitas.
1390 2720 1403 2746 n
1420 2700 1454 2754 Et
1469 2703 1565 2770 potest
1585 2718 1679 2774 pauca
1694 2720 1718 2759 :s
1732 2704 1807 2779 Ergo

132 2787 273 2855 dictasieul
290 2788 399 2845 clausis
411 2789 503 2845 oeulis
513 2791 547 2845 ad
566 2790 673 2863 ignem,
687 2791 727 2846 ita
739 2791 835 2847 sciens
846 2796 874 2847 et
884 2790 925 2846 vi·
980 2802 1066 2841 acmo
1082 2784 1159 2857 rapit
1173 2785 1208 2841 de
1224 2801 1313 2840 manu
1330 2786 1422 2841 Patris
1438 2787 1505 2855 mei,
1520 2787 1574 2843 hoc
1589 2793 1643 2857 est,
1656 2807 1742 2846 nemo
1759 2809 1804 2848 ru-

132 2875 180 2933 dere
191 2878 286 2935 nolens
302 2878 331 2932 in
347 2895 434 2951 prave
449 2879 649 2946 sentientium,
661 2878 779 2935 sabellii
793 2878 927 2935 videlicet
980 2876 1023 2947 pit
1038 2873 1138 2929 mihi.»
1151 2873 1183 2928 ln
1194 2890 1328 2929 sermone
1343 2875 1558 2947 septuagesimo
1574 2881 1678 2949 quarto
1689 2894 1696 2934 z
1707 2901 1721 2929 ιι
1733 2879 1807 2937 Cum

133 2967 153 3020 ιι
161 2967 294 3040 llrii‚quos
304 2984 372 3023 eum
389 2968 521 3023 nominat
533 2968 703 3036 detestatur,
717 2972 745 3024 et
759 2985 847 3024 sensu
858 2985 925 3024 cum
980 2979 1048 3035 ergo
1064 2963 1102 3018 sit
1124 2962 1243 3019 omnino
1267 2963 1469 3035 inseparabilis
1485 2963 1625 3034 Trinitas,
1652 2983 1805 3040 nunquam

132 3053 232 3126 disputat
254 3056 400 3128 sequitur,
416 3056 576 3112 sententias
590 3057 706 3112 videtur
720 3073 835 3113 currere
859 3074 925 3113 eum
980 3051 1109 3108 Trinitas
1132 3068 1196 3108 esso
1222 3052 1356 3121 sciretur,
1382 3053 1405 3107 si
1432 3070 1547 3126 semper
1571 3054 1806 3129 inseparabiliter

132 3142 176 3199 auis
186 3144 381 3219 eomplicibus,
394 3146 430 3200 de
449 3146 558 3217 quibus
578 3146 720 3218 seriptum
735 3150 799 3202 est:
813 3148 925 3203 Ducen-
981 3141 1142 3196 doceretur.
1153 3142 1227 3196 Nam
1249 3158 1316 3197 cnm
1337 3142 1463 3198 dicimus
1483 3143 1597 3200 Patrem
1613 3148 1642 3200 ct
1656 3145 1762 3202 Filium
1778 3151 1808 3204 et

131 3230 212 3290 ιιιιίι
221 3236 360 3307 infernam
369 3237 497 3302 viventes,
510 3234 538 3289 id
550 3238 596 3290 est
605 3234 743 3290 labantur
753 3234 782 3290 in
794 3234 927 3307 blasphe-
941 3217 962 3284 C
982 3228 1122 3301 spiritum
1134 3233 1281 3297 sanctum,
1290 3247 1348 3285 non
1359 3248 1408 3287 eos
1421 3231 1521 3303 ntique
1533 3232 1696 3291 diceremus
1706 3234 1805 3305 simul,

131 3319 177 3376 nie
187 3328 331 3395 peecatum
348 3323 484 3379 seientes.
496 3324 569 3378 Nam
585 3323 609 3379 si
624 3324 717 3379 deitas
733 3323 926 3395 personaliter
979 3334 1046 3374 cum
1062 3318 1117 3390 ipsi
1132 3335 1189 3373 non
1208 3320 1323 3391 possint
1334 3337 1397 3375 esse
1413 3337 1470 3376 non
1487 3321 1586 3377 simul.
1600 3345 1614 3372 n
1625 3323 1657 3379 ln
1673 3340 1808 3381 sermone

129 3408 185 3466 tura
195 3416 244 3479 est,
255 3416 315 3468 tres
329 3411 451 3468 deitates
462 3428 495 3466 ac
508 3427 560 3484 per
574 3411 628 3467 hoe
642 3414 700 3468 tres
715 3411 754 3467 dii
770 3415 925 3482 eructant
979 3407 1159 3479 octogesimo
1174 3413 1274 3463 octavo
1292 3425 1297 3463 :
1312 3408 1473 3465 «Christus
1495 3428 1621 3483 namque
1636 3429 1703 3469 eum
1723 3413 1808 3470 Patre

129 3511 172 3553 una
182 3500 265 3558 deitas
285 3500 314 3556 in
331 3501 426 3556 tribus
442 3499 574 3573 personis
602 3501 657 3556 erit
683 3500 801 3574 partita,
813 3504 842 3556 et
861 3502 925 3571 ‚jam
979 3500 1008 3552 et
1019 3495 1128 3566 Spiritu
1142 3500 1253 3562 sancto,
1266 3515 1323 3552 non
1340 3503 1410 3553 sunt
1425 3503 1484 3554 tres
1496 3499 1546 3565 dii,
1558 3500 1608 3556 sed
1625 3518 1703 3558 unus
1718 3501 1806 3572 Deus,

130 3583 228 3645 Trinitas
243 3605 301 3644 non
317 3587 533 3661 inseparabilis,
544 3589 595 3644 sed
611 3595 753 3661 separata,
766 3593 794 3644 et
809 3589 885 3645 sicut
895 3589 924 3643 in
979 3583 1015 3639 dc
1026 3601 1084 3655 quo
1096 3584 1239 3655 scriptum
1252 3589 1295 3640 est
1307 3603 1313 3640 :
1325 3586 1482 3642 Benedictus
1491 3587 1623 3644 Denrinua
1632 3590 1702 3645 Deua
1712 3589 1807 3657 lsrael,

131 3677 242 3745 persons,
254 3677 297 3733 ito
309 3681 337 3732 et
348 3677 379 3731 in
392 3677 559 3733 substantia
574 3676 767 3733 numerabilis
781 3677 845 3745 erit,
857 3676 926 3732 etin
980 3674 1028 3745 qui
1040 3675 1109 3745 sitast
1122 3674 1264 3729 intrabiliu
1282 3692 1383 3746 rnapne
1401 3677 1476 3731 aetus
1494 3676 1581 3747 (Paul.
1595 3695 1668 3746 cxxi,
1681 3679 1735 3750 18).
1749 3701 1763 3728 n
1775 3679 1807 3736 ln

131 3761 227 3821 nullade
240 3765 337 3822 tribus
352 3764 485 3838 personis
497 3766 590 3821 deitas
605 3766 733 3839 perlecta
744 3764 808 3835 erit,
825 3767 926 3838 sieque
980 3778 1115 3818 sermone
1131 3763 1321 3835 nonagesimo
1345 3763 1439 3836 primo
1454 3781 1482 3819 :a
1500 3764 1554 3821 Ubi
1569 3782 1670 3822 eorum
1686 3765 1809 3838 quilibet

131 3845 271 3926 Deus,quod
289 3859 318 3911 et
334 3853 458 3909 stultum
469 3858 498 3910 et
512 3855 593 3909 celas
604 3859 648 3909 est
658 3853 764 3920 dicere,
776 3855 926 3926 imperiec-
980 3866 1068 3918 unus,
1081 3850 1165 3905 Pater
1175 3851 1319 3919 videlicet,
1331 3852 1431 3920 Filius,
1440 3856 1490 3907 aut
1500 3853 1627 3926 Spiritus
1637 3859 1757 3912 sanetus
1767 3855 1808 3912 ibi

132 3937 166 3992 ιιι
176 3941 227 3997 erit.
239 3945 422 4015 Quapropter
441 3959 500 3998 non
520 3942 556 3998 ab
574 3959 605 3998 re
617 3945 832 4013 computamus,
843 3942 926 3998 illum
980 3938 1109 3994 Trinitas
1125 3940 1201 3995 Deus
1225 3957 1312 3995 unus.
1323 3940 1480 4012 Oportebat
1496 3946 1594 3998 autem
1609 3943 1650 3999 ila
1664 3943 1808 4001 insinuari

132 4020 202 4095 ipsum
216 4031 351 4104 spiritum
367 4048 421 4086 nos
436 4047 488 4102 per
502 4031 601 4102 hujus,
615 4031 691 4088 sieut
704 4034 733 4085 et
747 4048 798 4102 per
811 4030 881 4094 Arii,
894 4047 926 4085 os
980 4026 1165 4093 Trinitatem,
1182 4033 1215 4083 ut
1230 4028 1365 4100 quamvis
1383 4028 1462 4084 nulla
1481 4036 1558 4086 esset
1574 4032 1726 4088 diversitas
1740 4033 1809 4090 sub-

132 4114 214 4186 todire,
226 4119 274 4191 qui
291 4124 516 4191 perserpentom
529 4118 632 4192 primis
647 4119 819 4191 parentibus
830 4118 927 4174 sibila·
981 4116 1106 4186 stantire,
1119 4115 1290 4188 singillatim
1319 4122 1415 4173 taruco
1442 4119 1528 4190 cupit
1543 4120 1692 4176 distinctio
1708 4136 1807 4193 perso-

131 4199 167 4268 ιιι
179 4206 252 4264 tritis
271 4211 345 4263 sicat
362 4207 414 4263 dii.
431 4208 538 4263 Contra
556 4209 641 4278 cujus
662 4207 841 4279 impietatem
857 4225 927 4263 sau-
982 4221 1097 4272 aaroni,
1111 4205 1159 4260 ubi
1177 4205 1218 4260 eis
1239 4205 1288 4277 qui
1313 4210 1388 4261 reete
1404 4208 1527 4262 creduut
1551 4225 1702 4279 curaquam
1716 4208 1808 4264 videri

131 4292 177 4346 etur
189 4296 365 4369 Augustinus
381 4297 410 4351 in
426 4297 550 4369 septimo
566 4296 640 4352 libro
656 4301 726 4368 (arcp.
737 4298 765 4365 6)
776 4298 812 4352 ιιι
827 4300 928 4353 sancta
981 4297 1076 4366 potest
1091 4292 1236 4365 sapiaentia
1251 4298 1435 4348 naturarum.
1450 4318 1463 4342 »
1476 4295 1547 4350 ltem
1563 4295 1593 4350 iu
1610 4312 1743 4352 sermono
1760 4314 1808 4353 no·

131 4374 334 4455 Trinitateinter
350 4384 407 4441 alia
420 4384 491 4440 dicit
502 4401 526 4438 z«
540 4386 598 4440 Nec
613 4383 654 4439 sic
670 4401 738 4457 ergo
754 4383 926 4440 Trinitatem
981 4383 1132 4454 nogesimo
1143 4383 1271 4439 seeundo
1284 4400 1309 4438 :a
1320 4385 1401 4455 Saepe
1412 4389 1510 4439 autem
1522 4384 1651 4440 diximus
1661 4383 1808 4459 insepara-

130 4462 226 4527 dicimns
240 4477 301 4529 tres
323 4489 474 4545 personas,
485 4471 529 4528 vel
550 4473 767 4542 subsistentias,
781 4490 871 4529 unam
881 4490 926 4529 es·
981 4469 1052 4526 bilia
1064 4488 1127 4527 esso
1139 4489 1226 4544 opera
1237 4471 1400 4540 Trinitatis,
1413 4473 1463 4528 scd
1475 4470 1648 4546 singillatim
1659 4490 1807 4530 cemmen-

131 4556 379 4616 metamaucum
395 4560 499 4626 Deum,
516 4564 657 4632 tanquam
677 4577 711 4616 ex
732 4578 790 4616 una
805 4561 928 4616 materia
942 4584 966 4650 D
984 4560 1096 4614 dandas
1112 4559 1201 4615 luisse
1217 4576 1366 4633 personas,
1382 4566 1415 4616 ut
1431 4579 1488 4616 uon
1505 4560 1600 4617 solum
1616 4562 1679 4618 sine
1694 4580 1808 4636 separa-

131 4638 171 4697 ltia
181 4650 307 4718 quedam
322 4648 495 4716 subsistant,
509 4648 624 4704 etiamsi
638 4649 781 4721 quidquid
795 4649 867 4705 illud
883 4656 928 4706 est
982 4647 1070 4715 tione,
1086 4665 1185 4704 verum
1201 4648 1288 4704 etium
1312 4649 1376 4705 sine
1396 4650 1576 4720 contusione,
1593 4655 1622 4708 et
1637 4650 1747 4722 unitas,
1761 4652 1809 4707 in-

130 4724 198 4791 iahia
211 4737 304 4793 tribus
328 4737 505 4809 explicatum
522 4738 569 4794 sit.
587 4738 649 4793 Non
666 4738 744 4793 enim
769 4738 847 4794 aliud
864 4740 929 4810 ejus
983 4735 1141 4809 telligatur,
1154 4741 1182 4792 et
1201 4736 1363 4793 Trinitas.»
1377 4739 1412 4794 llt
1428 4755 1554 4812 mugnus
1574 4740 1630 4796 Leo
1649 4757 1726 4814 papa
1739 4757 1808 4798 ceu·

131 4825 233 4880 euntia
252 4829 298 4882 est
322 4830 426 4898 praeter
449 4825 536 4881 istam
562 4826 724 4882 Trinitatis.
743 4829 853 4882 Tamen
869 4832 929 4883 tres
983 4830 1029 4881 tra
1044 4825 1194 4882 hereticos
1216 4826 1338 4899 loquens
1354 4829 1390 4883 ad
1413 4827 1567 4884 Turibium
1591 4829 1808 4887 Asturicensem

130 4920 241 4975 mesenas
256 4915 391 4986 ejusdcm
404 4915 548 4982 essentiae,
559 4915 604 4970 vel
618 4920 676 4970 tres
690 4933 828 4987 personas
840 4934 929 4971 unam
983 4914 1152 4987 episcopum
1168 4914 1238 4971 dicit
1253 4917 1322 4989 (cop.
1333 4918 1362 4986 5)
1375 4934 1397 4971 :«
1411 4918 1493 4983 (ιιοιι
1508 4916 1585 4972 enim
1602 4918 1637 4974 dc
1653 4917 1710 4974 Deo
1726 4917 1809 4972 Patre

129 5002 260 5059 assentiam
276 5003 406 5058 dicimus
418 5021 424 5058 :
437 5008 496 5059 tres
511 5007 609 5059 autem
627 5022 765 5076 personas
779 5023 813 5060 ex
828 5006 928 5060 eadem
985 5010 1038 5071 cst,
1052 5004 1105 5058 boc
1120 5007 1254 5077 estquod
1273 5005 1334 5077 ipsc
1350 5010 1404 5072 est,
1417 5024 1510 5077 ireque
1525 5007 1553 5060 id
1570 5005 1648 5061 aliud
1665 5009 1708 5061 est
1719 5022 1808 5077 quam

127 5092 229 5147 anneta
239 5110 296 5148 non
310 5092 448 5161 dicimus
458 5094 542 5164 quasi
554 5093 631 5148 aliud
644 5092 683 5146 ibi
696 5093 734 5147 sit
745 5095 821 5165 quod
834 5110 931 5149 essen·
986 5093 1075 5149 Filius
1084 5094 1381 5166 etSpiritnssanctus.
1390 5095 1808 5149 Pinetcrhaueautcmsummae

126 5170 215 5246 tiaest,
231 5181 312 5237 aliud
337 5182 415 5253 quod
440 5198 581 5252 personas,
594 5180 668 5236 sicut
684 5186 743 5237 tres
768 5186 882 5238 statuas
897 5199 931 5238 ex
986 5182 1138 5237 Trinitatis
1154 5199 1243 5237 unam
1259 5182 1540 5238 consubstantialem
1557 5185 1585 5236 et
1599 5180 1808 5252 sempiternam
1866 5167 1873 5173 ’

123 5264 206 5322 eedem
221 5284 293 5324 auro
314 5285 474 5341 possumus
490 5269 596 5323 dicere.
608 5267 694 5323 Aliud
710 5269 788 5324 enim
813 5270 871 5327 illis
887 5274 931 5327 cst
986 5268 1810 5342 alqueincommutabilemdeitatem,nitrilomniumcrea·

120 5356 383 5425 esseaurum,aliud
394 5361 592 5413 eseestatuas.
603 5358 716 5412 Etcum
727 5358 931 5415 dicanturtres
985 5363 1119 5416 terarum
1130 5366 1184 5424 est,
1193 5361 1269 5431 quod
1282 5377 1338 5416 non
1354 5359 1382 5413 in
1395 5358 1512 5414 exordio
1521 5356 1566 5413 sui
1578 5373 1612 5411 ex
1626 5353 1716 5411 nihilo
1727 5373 1809 5413 creu-

116 5439 238 5501 homines
253 5462 313 5501 una
327 5451 443 5512 natura,
454 5446 498 5502 vel
513 5450 574 5502 tres
588 5445 721 5502 homines
734 5448 866 5518 ejusdem
883 5466 930 5503 na·
984 5453 1047 5504 tum
1061 5448 1127 5503 sit.»
1138 5449 1172 5503 tt
1188 5449 1256 5503 item
1269 5447 1337 5520 (capr.
1351 5446 1394 5519 17)
1406 5465 1430 5501 z«
1443 5446 1484 5500 Ab
1499 5444 1620 5512 eisdem,
1632 5443 1739 5515 inquit,
1751 5445 1809 5502 be-

114 5531 188 5598 ιιιιιι,
201 5537 327 5604 possunt
351 5531 439 5588 etiam
455 5534 512 5589 dici
540 5538 600 5589 tres
626 5535 761 5591 homines
780 5553 815 5591 ex
829 5537 930 5591 cadem
986 5537 1095 5604 coticis,
1109 5541 1210 5592 eontra
1224 5554 1324 5592 verum
1337 5535 1397 5590 veri
1415 5534 1460 5589 Dei
1477 5533 1601 5603 cultum,
1614 5532 1743 5592 Trinitas
1752 5535 1811 5593 dei·

111 5623 221 5688 ιιιιιιιι,
231 5620 302 5692 quia
317 5637 353 5677 ex
366 5622 468 5679 eadem
482 5625 586 5679 natura
601 5627 630 5679 et
645 5622 694 5679 alii
709 5622 782 5681 tales
797 5624 931 5682 homines
986 5621 1056 5683 tatis
1073 5630 1177 5697 negata
1193 5639 1384 5696 personarum
1400 5621 1575 5695 proprietate
1590 5622 1810 5682 contunditur.»
