3810 6098
72 269 160 335 ffllll
616 268 668 333 Dll
692 274 771 335 UNA
792 273 842 334 ET
863 273 942 336 NON
965 268 1087 335 'l'lllNA
1108 272 1291 337 nullasu.
1742 283 1807 349 mu

72 401 195 466 Patris
213 401 313 458 omnis
337 407 493 477 separatur
502 403 621 461 oblatio.
631 405 704 461 Nam
729 407 875 478 quomodo
885 406 929 462 di·
943 407 970 475 Α
985 409 1099 464 ostendi
1115 408 1177 476 tibi,
1191 426 1243 481 por
1258 408 1370 464 Patrem
1383 414 1409 465 et
1427 408 1530 466 Filiam
1541 416 1571 467 et
1581 412 1722 485 Spiritum
1738 433 1806 474 san-

72 491 236 558 niscum
256 491 928 566 Patriolt'ers,lioreatcerpraraerinasiPatris
983 501 1073 559 ctum,
1090 496 1118 551 in
1136 497 1244 552 deitate
1269 498 1422 553 Trinitatis
1444 517 1536 554 unum
1559 501 1659 567 Deum,
1679 508 1711 559 ut
1730 505 1807 563 sicut
1882 494 1889 505 ’

73 579 195 641 elalius
210 578 384 652 incorporea
398 597 457 636 nou
479 581 566 638 habet
581 583 610 638 in
629 583 690 638 titii
705 600 825 656 corpore
837 584 927 640 socie·
983 602 1034 656 per
1049 584 1231 657 designatam
1257 585 1403 658 Evangelii
1420 587 1544 642 sormam
1569 588 1597 643 in
1623 608 1682 646 una
1695 592 1741 648 via
1756 610 1808 666 pur

73 667 212 729 mem?
227 667 258 724 si
275 672 373 724 autem
391 669 482 725 Patris
497 669 772 744 incorporeadeitas
785 689 851 728 eum
867 672 927 727 Filii
982 673 1106 745 aquatio
1120 674 1208 728 trium
1226 674 1352 729 millium
1369 675 1473 746 spatia,
1487 692 1543 730 non
1559 677 1616 732 tria
1630 677 1745 746 itinera,
1756 682 1806 739 sed

73 771 240 829 torpores
248 755 357 812 deitate
370 757 521 825 misectur,
530 759 606 815 sicut
616 765 660 816 est
669 761 775 816 veritas
786 761 927 834 mysterii,
982 777 1076 816 unum
1092 762 1146 817 iter
1160 764 1285 831 ostendi,
1298 763 1341 819 sic
1356 768 1385 819 et
1403 768 1435 818 tn
1449 769 1570 820 secutus
1585 765 1663 821 hunc
1679 768 1806 841 Drange-

73 846 214 909 Patrem
223 848 253 901 et
262 845 368 901 Filium
380 846 435 902 sub
447 847 605 904 indiscreta
615 848 722 905 deitate
733 867 824 904 unum
836 850 927 905 Deum
983 849 1108 923 gelicuru
1124 853 1282 917 tramitem,
1296 871 1352 907 non
1364 857 1423 908 tres
1436 854 1516 920 deos,
1529 854 1578 909 sed
1591 871 1681 910 unum
1693 873 1809 928 semper

73 948 163 993 οπο
175 933 385 1007 testaris,quia
395 951 463 990 eum
478 938 565 992 otlers
578 938 755 994 oblationem
771 955 827 992 non
843 938 928 1007 dieis,
983 936 1074 990 Deum
1090 936 1118 990 in
1136 937 1277 993 Trinitnte
1292 939 1410 994 deitatis
1433 938 1590 1013 intelligas,
1603 946 1635 996 ut
1649 959 1716 998 uum
1732 944 1809 1002 obla·

73 1020 195 1081 Ollero
211 1021 289 1081 m
303 1022 559 1093 robis,sedolloro
575 1026 638 1095 tibi,
649 1027 729 1084 etsie
740 1027 838 1083 omnis
852 1028 929 1084 obla·
982 1022 1091 1079 tionem
1113 1027 1251 1098 mysterio
1266 1027 1419 1083 Trinitatis
1437 1028 1534 1093 otlers,
1552 1047 1609 1085 nou
1629 1029 1724 1087 tribus
1740 1031 1807 1099 diis,

80 1108 140 1168 tta
157 1109 237 1167 Patri
252 1110 373 1184 quidem
389 1117 419 1168 et
435 1113 505 1170 Filio
520 1116 651 1183 effertur,
663 1117 713 1172 sed
739 1117 794 1172 sub
819 1117 928 1172 utrius·
983 1113 1034 1167 sad
1063 1115 1112 1168 uni
1144 1115 1201 1170 Deo
1230 1117 1335 1171 atteras
1356 1115 1644 1190 :quianbieumquo
1672 1119 1702 1175 in
1731 1120 1808 1177 Scri·

73 1214 157 1273 ¹quo
171 1200 293 1257 nomiae
308 1201 360 1257 uni
376 1202 433 1258 Deo
449 1208 633 1260 monstratur
646 1204 753 1260 oblata.
766 1207 801 1260 Dt
815 1205 883 1260 item
899 1205 928 1260 in
983 1201 1078 1274 pluris
1092 1202 1198 1259 divinis
1218 1204 1302 1259 audis
1325 1208 1440 1260 Patrem
1461 1207 1564 1274 Deum,
1583 1207 1687 1263 l'ilium
1704 1208 1808 1278 Deum,

81 1289 201 1346 nodum
218 1289 377 1345 Samene:
399 1291 482 1347 l’atcr
496 1296 582 1358 Deus,
596 1292 686 1348 Filius
706 1293 793 1361 Deus,
807 1299 929 1366 uterque
984 1289 1056 1345 w
1076 1291 1217 1362 Spiritum
1234 1298 1370 1348 sanetum
1388 1292 1490 1360 Deum,
1504 1299 1532 1350 et
1548 1299 1645 1350 trunca
1661 1312 1808 1369 nusquam

87 1382 199 1435 umen
210 1377 411 1434 sineduorum
423 1380 545 1437 deorum
558 1398 680 1437 numero
692 1400 769 1438 unns
779 1382 929 1438 Deuslloe
981 1380 1042 1432 tres
1058 1379 1136 1445 dias,
1149 1379 1199 1433 scd
1216 1396 1333 1451 semper
1343 1397 1435 1435 unum
1451 1383 1540 1437 ileum
1555 1381 1638 1454 legis,
1650 1387 1679 1438 ei
1692 1400 1810 1457 semita!

90 1470 130 1522 ot
150 1464 240 1521 David
263 1466 432 1539 patriarcha
447 1468 603 1525 confitetur
617 1470 718 1526 disens
741 1487 747 1526 :
768 1472 838 1526 neus
861 1472 929 1527 nera
982 1465 1809 1543 tibiunusDeus.aunnntiatur.ltetineergosemperhaee

89 1570 184 1621 neus,
200 1557 304 1627 respice
324 1557 356 1610 in
368 1572 413 1612 me
425 1557 511 1628 (Psat.
526 1562 640 1626 xx1,2);
659 1563 687 1614 at
706 1575 764 1615 non
786 1559 867 1625 dicit,
885 1576 930 1615 ra·
983 1554 1146 1626 signaque
1163 1556 1215 1611 tibi
1230 1557 1443 1633 ‹dornonstruvi
1454 1558 1525 1630 quia
1547 1574 1599 1613 nec
1623 1560 1697 1615 Patri
1713 1558 1809 1632 possis

92 1642 204 1715 qaieite
217 1642 249 1699 ia
265 1660 313 1699 ras
330 1661 337 1700 :
353 1648 383 1700 et
403 1644 510 1701 iterum
525 1646 596 1702 dieit
607 1663 614 1702 ς
625 1648 695 1702 Deus
711 1648 779 1703 [teas
791 1664 879 1718 aeria,
895 1648 930 1703 ad
983 1642 1085 1698 otlcrre
1100 1643 1163 1699 sine
1189 1644 1269 1710 Filio,
1281 1662 1375 1718 nequo
1398 1645 1467 1701 t'ilio
1490 1646 1555 1702 sine
1579 1647 1662 1702 Patre
1678 1663 1684 1703 :
1702 1647 1809 1719 quiesi

91 1739 129 1788 a
139 1731 173 1788 de
185 1731 247 1787 tas
270 1733 355 1805 cipite
370 1734 456 1805 (Psal.
470 1736 590 1806 m1r,2);
604 1740 633 1791 et
648 1753 705 1791 non
722 1735 802 1804 dicit,
819 1738 854 1792 nd
878 1752 929 1792 vos
983 1734 1098 1787 lantum
1110 1733 1187 1788 Patri
1198 1734 1368 1807 incorporeo
1379 1734 1556 1791 oblationem
1572 1736 1668 1802 ollcrs,
1684 1735 1808 1795 oblatiu-

90 1818 139 1875 ds
151 1818 217 1875 lues
229 1820 329 1893 vigilo.
341 1823 409 1887 Oua
420 1822 564 1879 consessio
579 1823 670 1879 David
683 1823 797 1879 Domini
809 1842 927 1897 qunque
983 1837 1049 1875 uem
1066 1822 1095 1876 in
1109 1823 1239 1894 corporis
1249 1829 1434 1879 sacramenta
1450 1841 1506 1879 non
1522 1823 1641 1897 redigis,
1654 1841 1712 1880 non
1726 1830 1809 1896 putea

95 1907 290 1981 mopenslune
305 1908 449 1978 firmatur,
464 1928 530 1966 cum
541 1913 795 1984 responditoranti
807 1918 835 1969 et
844 1914 925 1983 dicit,
981 1909 1087 1977 dicere,
1103 1911 1197 1967 Pridie
1213 1928 1294 1984 quem
1312 1920 1450 1984 pateretur
1470 1913 1595 1968 sormam
1611 1912 1745 1971 sacrificii
1762 1913 1807 1971 in·

106 1994 172 2052 aas
184 1997 256 2052 Deus
275 2004 338 2052 tuas
358 2014 406 2070 epe
419 2015 481 2054 sem
495 2000 580 2068 (Psoi.
596 2018 671 2068 sarx,
681 2004 720 2070 7),
732 2005 761 2056 ct
782 2020 839 2058 nen
856 2003 928 2058 dicit
981 1998 1087 2066 stituit,
1102 2016 1156 2055 nee
1167 2004 1248 2071 poles
1259 2001 1354 2056 dicero
1366 2017 1373 2055 :
1386 2003 1438 2057 llee
1452 2009 1491 2056 est
1504 2017 1601 2074 eorpus
1614 2017 1725 2057 neum:
1739 2000 1809 2074 qula

106 2100 204 2141 smus.
217 2084 253 2141 ut
277 2085 383 2141 iterum
408 2088 499 2143 David
523 2088 594 2144 dicit
611 2105 617 2145 :
637 2091 674 2144 Tu
697 2107 725 2146 cs
748 2092 819 2146 Deus
841 2093 925 2160 setus,
982 2086 1066 2142 Pater
1081 2105 1174 2160 neque
1194 2105 1300 2160 corpus
1324 2088 1440 2156 habuit,
1456 2106 1549 2162 neque
1575 2107 1681 2161 passus
1696 2094 1740 2145 est
1757 2107 1763 2144 :
1779 2094 1809 2145 et

111 2176 153 2247 qai
177 2176 245 2245 sacis
272 2176 417 2232 mirabilia
437 2178 520 2249 (Para-t,
539 2194 637 2246 ram,
661 2180 714 2251 tit),
738 2180 828 2235 Deum
858 2198 926 2254 argo
981 2175 1134 2237 iterumsi
1154 2175 1222 2230 Filio
1239 2177 1697 2242 sinePatreolleras,orationcm
1714 2178 1810 2235 Demi-

111 2264 244 2319 stDeum
269 2264 412 2337 propheta
440 2266 597 2322 nominans
623 2268 736 2323 Patrem
766 2274 794 2325 et
822 2270 926 2326 uitium
981 2264 1077 2319 nieam
1089 2267 1124 2320 ad
1136 2265 1385 2338 ceruplementum
1402 2266 1520 2338 perlecti
1534 2265 1696 2323 holocausti
1713 2267 1809 2327 uicere

113 2352 267 2420 confltetur,
284 2369 352 2408 eum
382 2353 487 2408 iterum
516 2353 612 2410 dicit:
631 2358 667 2411 Tu
689 2374 716 2412 es
746 2363 817 2414 Deae
843 2361 926 2424 sotus,
983 2370 1039 2407 non
1064 2359 1156 2426 potes,
1173 2355 1242 2426 quia
1263 2355 1439 2410 inerotione
1465 2354 1527 2410 l'ilii
1550 2356 1810 2427 separatiul‘utre

116 2445 243 2513 atrosque
262 2440 292 2496 in
314 2458 374 2496 una
396 2442 503 2498 deitate
518 2443 733 2516 complectitur,
751 2447 828 2502 sicut
850 2447 927 2503 Deus
983 2440 1076 2497 Patris
1091 2459 1196 2498 nemon
1212 2460 1270 2498 non
1293 2447 1375 2514 potes
1392 2443 1536 2499 invocare.
1548 2442 1621 2499 Vide
1635 2460 1704 2516 erge
1720 2461 1808 2516 quam

117 2533 140 2585 at
160 2529 254 2596 Deus,
282 2530 346 2585 sine
373 2530 500 2586 duorum
529 2532 651 2588 deorum
688 2551 810 2590 numero
838 2553 926 2604 nunc,
982 2530 1054 2585 adeo
1071 2530 1308 2603 inexpugnabilia
1321 2537 1400 2599 sunt,
1413 2536 1441 2586 et
1456 2532 1663 2604 derelinquens
1679 2532 1809 2590 tumltu·

119 2621 227 2689 aterque
254 2617 285 2673 in
315 2619 427 2675 unitata
456 2622 654 2695 conjungitur,
669 2624 751 2680 siout
775 2642 843 2699 ergo
872 2632 928 2682 pa.
982 2619 1105 2674 reticem
1130 2636 1268 2687 errorem,
1296 2620 1470 2676 catholicam
1499 2637 1620 2692 sequere
1644 2621 1807 2681 veritatem.

119 2705 154 2762 rid
165 2706 195 2762 in
206 2708 339 2764 oratione
354 2726 409 2765 sua
422 2714 562 2782 utrosque
578 2711 719 2781 nominat,
736 2717 765 2768 ρι
781 2732 872 2770 unum
888 2721 929 2770 tu.
981 2706 1115 2779 Alioquin
1127 2709 1177 2780 qui
1188 2708 1239 2763 tibi
1252 2707 1332 2764 aliud
1341 2726 1430 2780 quam
1440 2726 1512 2764 ame
1522 2710 1743 2765 demonstratur
1753 2710 1809 2769 itur

121 2810 172 2850 meu
185 2799 259 2864 orat,
271 2797 315 2852 sic
328 2801 358 2852 et
372 2802 403 2853 tu
421 2814 488 2854 cum
501 2800 614 2855 Patrem
625 2805 654 2857 et
665 2801 769 2858 Filium
781 2804 927 2873 nominas,
982 2796 1119 2861 ostendit,
1131 2797 1210 2853 dicat
1230 2796 1282 2853 tibi
1298 2797 1444 2869 quomoda
1460 2797 1665 2868 pretermissis
1689 2797 1737 2853 his
1760 2815 1808 2857 sa·

122 2883 281 2957 tanaisque
297 2901 390 2941 unum
413 2886 506 2943 Deum
529 2893 558 2943 ot
582 2906 673 2945 unum
691 2890 848 2948 Dominum
863 2910 929 2948 eon·
981 2882 1128 2940 lemnibus
1144 2884 1372 2957 intermysteriu
1386 2884 1589 2956 loquaris.Sin
1603 2887 1701 2940 autam
1715 2884 1746 2940 in
1761 2886 1809 2943 de·

122 2972 194 3029 ltere.
206 2996 220 3024 a
234 2972 269 3029 ut
284 2975 355 3030 item
374 2974 404 3029 in
419 2976 522 3032 eodem
547 2993 691 3035 sermone.
703 3001 718 3030 a
733 2981 840 3054 Legisti
860 2998 928 3055 ergo
982 2972 1097 3045 signata
1107 2990 1125 3028 a
1135 2989 1181 3029 me
1193 2973 1325 3029 claritate
1340 2972 1460 3028 luminis
1470 2972 1564 3045 caligo
1574 2973 1806 3045 deieciterroriq,

122 3059 214 3117 latrum
235 3061 340 3128 Deum,
357 3063 462 3120 Filium
493 3065 596 3135 Deum,
623 3067 763 3139 Spiritum
792 3074 927 3126 sanctum
982 3062 1143 3135 pertinacia
1165 3061 1253 3117 simul
1278 3063 1404 3130 deficiat,
1421 3062 1541 3118 nedum
1565 3060 1596 3117 in
1619 3062 1807 3119 errorevinui

124 3149 255 3206 Deumziu
270 3150 326 3206 hae
339 3155 437 3208 tamen
454 3153 879 3230 deitatis'l'rinitatenusquam
890 3137 965 3215 teC
984 3151 1166 3219 erubescitis,
1183 3150 1409 3223 promissionem
1429 3154 1542 3207 aeterne
1562 3150 1626 3206 vitu
1645 3151 1681 3207 de
1700 3149 1806 3211 Christi

118 3237 309 3311 yistiduosvel
324 3240 475 3309 trasdeos,
488 3243 538 3298 sed
552 3236 709 3300 multifarie
721 3263 812 3302 unum
824 3248 927 3304 Deum,
984 3240 1104 3297 veritate
1128 3241 1267 3312 perdatis.
1279 3241 1309 3296 Si
1330 3239 1396 3312 quis
1419 3239 1473 3295 tibi
1501 3256 1570 3313 ergo
1592 3238 1707 3307 dixerit,
1724 3238 1810 3295 Pater

124 3327 186 3391 Daed
196 3326 293 3401 legisti
305 3329 390 3384 ereda
400 3334 429 3384 et
439 3331 649 3388 eonfiterczilta
657 3350 723 3389 vero
734 3334 791 3390 noli
802 3353 929 3408 quaram
984 3331 1079 3401 major
1093 3329 1181 3398 Deus,
1199 3328 1288 3385 Filius
1311 3328 1408 3384 minor
1434 3329 1519 3395 Deus,
1536 3326 1663 3401 Spiritus
1687 3332 1828 3409 sanetus·

125 3419 289 3490 &usurpare
312 3434 376 3490 quae
396 3435 455 3474 non
478 3418 562 3493 legis.
576 3443 590 3470 »
602 3422 636 3476 ut
650 3422 720 3478 item
733 3440 757 3478 :a
773 3424 862 3481 Visus
885 3432 930 3483 est
983 3418 1087 3475 tertius
1113 3419 1200 3486 Deus,
1217 3417 1290 3473 etin
1310 3416 1357 3474 his
1381 3415 1477 3472 tribus
1505 3421 1629 3472 nonest
1654 3433 1714 3471 una
1735 3416 1808 3472 sub-

119 3502 225 3562 'unae
235 3506 314 3563 Deus
328 3507 364 3563 ud
381 3506 487 3564 illicem
503 3509 719 3577 Mambre,eum
735 3514 848 3571 sederet
862 3520 930 3573 ante
984 3507 1102 3573 stantia,
1119 3507 1169 3563 St‘l
1190 3505 1349 3580 separatim
1371 3506 1400 3561 in
1426 3505 1516 3561 trium
1540 3505 1661 3561 deorum
1686 3520 1809 3561 flumem

127 3593 211 3650 adam
225 3596 408 3652 tabernaculi
424 3597 470 3653 sui
490 3598 520 3653 in
536 3598 632 3656 medio
652 3600 750 3669 «lieet
770 3603 929 3676 respiciens
983 3597 1047 3654 sine
1073 3596 1190 3652 deitatis
1218 3595 1330 3652 unitate
1357 3595 1545 3651 consistunt:
1567 3594 1709 3666 responde
1737 3593 1807 3660 illis,

127 3680 198 3739 aratia
211 3684 334 3752 stataet
354 3701 421 3742 ecee
445 3687 576 3742 tresviri
599 3690 718 3745 stabant
743 3708 831 3763 super
845 3709 928 3761 eum3
984 3685 1174 3760 prirnoillam
1192 3685 1414 3758 rationemque
1439 3685 1491 3740 tibi
1516 3683 1647 3756 exposita
1669 3686 1724 3754 est,
1740 3681 1809 3755 quiu

126 3772 209 3830 etcum
217 3773 341 3830 vidisset
350 3790 411 3842 eos,
422 3777 549 3831 occurrit
559 3777 672 3833 obviam
685 3779 790 3850 illis,et
800 3782 930 3839 adoravit
984 3780 1124 3848 separatu
1134 3792 1151 3829 a
1162 3791 1193 3830 8⁰
1203 3773 1338 3829 Trinltssti
1350 3774 1445 3830 offerri
1457 3791 1515 3829 1¹0ss
1527 3772 1705 3845 D⁰i08l2q1¹iss
1715 3788 1808 3844 neque

128 3860 237 3917 atdixit:
254 3863 378 3930 Domine,
394 3865 419 3919 st
434 3865 528 3920 terreni
541 3867 658 3936 pretium
674 3868 703 3921 ia
716 3879 857 3940 conspecta
872 3879 927 3939 tae,
985 3867 1068 3922 Pater
1082 3880 1239 3937 corporeus
1262 3868 1317 3931 cst,
1329 3880 1423 3936 nequo
1443 3879 1549 3936 passus
1568 3867 1622 3930 est,
1637 3865 1666 3919 et
1685 3860 1807 3919 ablutio·

126 3948 169 4004 adi
190 3953 310 4007 auneire
335 3968 453 4024 puerum
479 3961 556 4009 tuum
575 3954 651 4023 (Gen.
667 3973 748 4024 xvru,
765 3957 801 4029 1).
818 3958 930 4015 Dicitur
984 3971 1051 4010 nem
1063 3954 1093 4010 in
1104 3952 1289 4026 eorporissui
1301 3957 1485 4010 sacramenta
1494 3952 1624 4024 redigere
1633 3968 1690 4007 non
1702 3955 1807 4023 potest,

128 4048 185 4108 tayo,
199 4040 336 4114 apparuit
351 4039 392 4096 illi
408 4041 496 4110 Deus,
512 4046 542 4097 et
562 4042 591 4096 in
614 4043 669 4099 hee
685 4062 742 4100 uno
758 4045 928 4118 respiciens,
984 4060 1078 4114 nequo
1094 4048 1199 4098 testem
1222 4042 1368 4114 passionis
1392 4059 1462 4105 suu,
1474 4041 1524 4112 qui
1541 4057 1598 4095 nou
1621 4044 1666 4095 est
1690 4056 1806 4112 passus,

127 4123 178 4182 duit
191 4133 249 4186 tres
263 4130 352 4196 viros,
367 4134 396 4186 st
416 4147 482 4186 eum
501 4131 677 4187 occurrisset
693 4133 797 4200 tribus,
808 4140 836 4191 ot
860 4137 930 4192 ado·
985 4130 1064 4186 illam
1081 4131 1263 4186 Dominieam
1283 4147 1394 4186 emnam
1420 4131 1514 4185 lacere
1537 4132 1754 4200 potestasque
1777 4127 1806 4181 in

127 4221 198 4273 asset
211 4234 306 4274 unum
323 4219 428 4287 Deum,
449 4220 562 4292 rogavit
579 4221 690 4289 dicens,
707 4223 830 4289 Domine,
846 4227 872 4280 si
887 4227 931 4281 ia·
984 4220 1203 4276 consecratione
1215 4218 1355 4291 mysterii
1370 4218 1466 4273 dicere
1488 4222 1592 4290 potest,
1609 4215 1663 4283 Oui
1683 4215 1806 4271 sormam

124 4307 483 4381 mteaaamtacanspeea
495 4318 550 4365 tue.
563 4309 653 4366 Nemo
669 4310 753 4366 illum
769 4312 931 4370 calumnia·
985 4308 1121 4367 sacrificii
1143 4308 1279 4381 perennis
1300 4304 1437 4361 instituit.
1450 4305 1531 4371 Quod
1547 4304 1625 4360 enim
1651 4305 1735 4360 Pater
1748 4319 1806 4359 non

125 4391 160 4447 lat
167 4397 293 4469 estquod
306 4396 335 4451 in
346 4397 442 4453 tribus
452 4397 522 4454 viris
532 4415 624 4453 unum
635 4400 726 4454 Deum
738 4405 766 4456 et
776 4418 868 4457 unum
878 4403 932 4459 Do·
984 4399 1124 4465 instituit,
1136 4397 1186 4454 scd
1201 4395 1357 4467 Filius,qui
1372 4399 1402 4450 et
1416 4411 1522 4466 corpus
1542 4391 1645 4449 habuit
1658 4397 1687 4447 et
1701 4409 1807 4465 passus

125 4480 379 4543 uinumadurusset
391 4492 438 4542 :et
452 4486 570 4552 iterum,
582 4489 659 4559 quod
676 4488 705 4543 in
717 4506 774 4544 uno
786 4491 854 4562 Deo,
861 4497 890 4548 et
899 4491 929 4546 in
944 4507 968 4571 Ι)
985 4493 1076 4558 cst,et
1086 4487 1209 4543 formam
1226 4484 1352 4539 instituit
1361 4481 1540 4550 sacrifieii,si
1555 4483 1591 4538 de
1605 4482 1689 4539 Patre
1703 4499 1721 4538 a
1737 4479 1807 4537 l'iliu

126 4582 168 4625 uua
181 4572 301 4630 Domino
320 4578 381 4631 tres
394 4574 472 4631 viros
485 4575 593 4632 vidisse
616 4593 647 4632 se
670 4578 789 4634 diceret.
806 4580 861 4634 Sed
878 4581 928 4652 qui
983 4581 1118 4649 separato
1129 4573 1253 4643 dicatur,
1266 4571 1452 4628 mendacium
1462 4575 1557 4639 est,ut
1566 4571 1644 4644 quod
1657 4571 1807 4628 Paternou

125 4654 346 4737 laemystsrium
371 4664 413 4721 sie
437 4681 494 4720 non
520 4665 667 4737 intelligit,
683 4667 783 4724 oculos
806 4669 928 4725 Abrahae
984 4666 1057 4722 dixit
1082 4666 1193 4721 Patrem
1219 4661 1326 4717 dixisse
1350 4661 1596 4733 contingantoui
1617 4676 1686 4734 ergo
1701 4660 1808 4717 Patria

126 4760 168 4804 aon
181 4751 275 4809 habet.
287 4755 404 4819 Quane
427 4771 495 4827 crgo
520 4755 636 4811 coeleste
660 4755 824 4829 collyrium,
840 4763 868 4813 et
883 4776 929 4815 su·
984 4755 1056 4812 Filio
1066 4756 1199 4825 separato
1210 4752 1312 4807 ollerre
1324 4750 1395 4817 vult,
1408 4749 1539 4806 relietum
1547 4750 1611 4821 Jam
1622 4750 1707 4806 nobis
1717 4750 1807 4806 saeri-

126 4838 280 4914 pannungat
294 4841 395 4899 oeulos
419 4860 498 4910 suos,
517 4848 550 4899 at
568 4850 681 4900 remota
704 4845 827 4919 ealigine
849 4847 928 4919 igno·
983 4844 1040 4900 sicii
1053 4844 1188 4907 termam,
1200 4839 1329 4897 relietanr
1341 4841 1428 4896 otiam
1444 4839 1604 4896 Ecclesiam
1617 4839 1767 4906 euaristo,
1779 4843 1808 4896 et

125 4928 217 4998 antia,
239 4930 270 4986 in
296 4930 408 4987 unitate
431 4932 549 4989 deitatis
578 4933 751 5005 mysterium
776 4935 943 4993 Trinitatis·
983 4929 1681 5004 ultapostolislundatam,adSynueogametad
1698 4925 1808 4999 templa

125 5024 254 5087 masat,
264 5023 295 5076 et
309 5020 339 5076 in
355 5039 414 5076 uno
429 5022 498 5092 Deo,
512 5022 589 5077 sicut
609 5022 768 5089 Abraham,
778 5027 837 5079 tres
851 5024 928 5081 viros
983 5021 1019 5076 ad
1028 5019 1172 5075 ritulosct
1182 5018 1218 5073 ad
1231 5016 1349 5073 arietem
1358 5017 1491 5074 victimas
1500 5016 1682 5090 sedeat,quia
1691 5018 1807 5086 separat

123 5100 174 5160 tiae
186 5106 360 5167 discretione
371 5111 605 5177 meritorumvel
622 5110 684 5166 sine
698 5111 931 5183 aliquadiminu-
985 5127 1003 5165 a
1025 5109 1094 5165 Filio
1118 5109 1232 5164 Patrem
1248 5107 1277 5162 in
1294 5106 1385 5163 Patris
1401 5105 1547 5164 oblatione
1565 5104 1774 5164 sacrificiorum
1789 5119 1806 5158 a

120 5190 186 5250 tiens
199 5199 351 5269 potestatis
362 5200 506 5268 videat,et
522 5204 712 5272 posteaquam
729 5201 931 5260 lribusoecun
985 5199 1055 5255 l'ilio
1077 5198 1219 5264 instituta,
1232 5213 1289 5251 non
1309 5195 1419 5269 jungit.
1433 5197 1461 5252 Si
1478 5202 1576 5252 autem
1593 5193 1666 5250 l'utri
1682 5196 1711 5248 et
1735 5188 1805 5253 Filio

118 5281 187 5350 rent,
199 5300 256 5343 non
266 5295 337 5359 tres,
347 5290 397 5344 sed
414 5305 506 5344 unum
518 5291 609 5345 Deum
621 5294 650 5344 et
665 5307 755 5345 unum
772 5291 928 5350 Dominum
983 5287 1073 5345 simul
1094 5287 1187 5353 otlert,
1213 5286 1325 5342 Patrem
1349 5289 1379 5342 et
1405 5285 1508 5340 tilium
1524 5302 1541 5340 a
1555 5280 1670 5339 deitatis
1694 5279 1805 5336 unitate

115 5376 287 5448 ragatatper
294 5375 384 5448 hujus
392 5377 544 5434 divisionis
552 5377 782 5435 demonstratam
794 5380 928 5453 sormam,
983 5396 1041 5435 non
1058 5380 1183 5449 separet.
1191 5375 1220 5431 Si
1233 5373 1336 5431 dixerit
1346 5390 1415 5445 erge
1425 5374 1499 5429 duos
1508 5374 1588 5442 deos,
1600 5370 1668 5426 lieet
1678 5371 1715 5426 ad
1729 5384 1806 5425 vere·

114 5459 281 5522 inuitatum
295 5482 411 5539 semper
424 5466 513 5524 unius
534 5482 599 5524 asse
614 5466 731 5524 deitatis
747 5467 901 5543 intelligat.
915 5494 929 5521 a
983 5468 1121 5525 cundiam
1132 5465 1226 5538 ipsius
1238 5464 1371 5519 sulficere
1381 5462 1485 5518 debeat
1495 5461 1608 5516 reddita
1617 5458 1753 5516 saerilluil
1762 5473 1807 5514 ra·

97 5549 220 5612 :utem
232 5552 272 5615 ibl
281 5555 426 5633 :raquo
437 5559 465 5616 te
475 5572 527 5634 per
535 5556 596 5616 haee
610 5555 676 5635 ipsa
684 5573 749 5633 qua
760 5559 929 5638 auguriatus
983 5557 1023 5617 tio
1035 5574 1042 5614 :
1053 5560 1151 5615 taurea
1162 5568 1359 5614 commemora
1370 5550 1454 5608 illurn
1464 5549 1536 5627 quia
1543 5546 1703 5625 Apostolus
1713 5546 1804 5615 uati
