3810 6098
90 298 150 360 tta
556 296 749 359 blachtent
771 296 995 360 ahuateusts
1018 299 1329 363 Aaefltteetsceel.

92 435 125 489 ιιι
139 430 265 505 denique
281 426 501 489 catechumenis
520 430 557 488 ad
578 429 806 504 regenerationis
821 446 917 487 sacra·
931 431 959 497 Α
973 429 1048 503 lapsi
1065 447 1091 485 z«
1107 431 1136 487 Si
1152 435 1306 504 propterea
1320 448 1374 488 nos
1394 431 1511 488 fecisset
1529 431 1608 489 Deus
1623 435 1657 489 ut
1671 448 1711 507 pu

93 526 193 578 menta
208 520 357 601 perductis
372 519 498 577 coelestis
512 519 717 576 misericordiae
732 519 799 576 aula
814 536 919 575 reserc·
973 524 1049 575 reete
1066 521 1237 593 desperares
1246 525 1275 577 et
1285 522 1436 577 dubitares
1449 522 1484 578 de
1500 520 1595 578 salute
1609 526 1662 578 tua
1672 538 1711 580 :s

92 615 150 667 tur.
164 634 178 662 »
191 612 286 668 Tanta
300 609 378 666 enim
395 613 439 667 εει
452 627 522 684 erga
536 627 638 666 omnes
654 610 787 665 homines
802 609 918 665 bonitas
972 612 1091 681 propter
1106 610 1268 665 bonitatem
1285 627 1370 666 susm
1388 612 1593 668 tantummodo
1607 628 1662 669 nos
1676 610 1711 669 ια

93 699 155 769 Dei,
172 703 205 756 ut
220 703 320 756 nostra
335 699 405 756 velit
428 717 492 757 esse
516 699 620 756 merita
643 717 706 772 que
731 703 801 754 sunt
824 699 919 771 ipsius
973 699 1711 775 eternisejusbonisetmuneribustruamur,atqu

94 789 181 856 dona,
194 793 221 845 et
237 805 288 861 pro
302 788 423 861 hisque
438 788 563 861 largitus
573 792 617 844 est
629 792 736 842 aeterna
751 787 920 859 praemissit
974 787 1034 860 agit
1049 788 1084 844 ab
1101 787 1183 844 initio
1195 788 1292 845 seculi
1305 806 1398 862 usque
1413 790 1449 844 ad
1465 806 1594 862 prensens
1604 793 1711 862 tempu:

94 878 268 934 donaturus.
284 878 320 933 Et
334 878 462 934 loannes
477 877 701 950 chrysostomus
718 876 747 930 in
764 875 918 949 Evangelio
974 881 1073 949 pterea
1082 877 1153 949 agit,
1164 881 1193 933 ει
1205 882 1358 950 propterea
1368 881 1478 944 monet,
1491 882 1524 933 ut
1536 895 1590 934 nos
1600 877 1711 935 miserit

94 966 222 1023 Matthaei
238 965 359 1022 homilia
371 969 408 1023 25
423 985 430 1023 :
446 991 459 1017 «
479 967 589 1022 Idcirco
605 965 694 1032 cuim,
712 963 817 1037 inquit,
834 965 918 1021 altari
974 982 1029 1022 sua
1044 965 1144 1034 salvet,
1157 983 1220 1038 quae
1236 965 1313 1022 ultra
1326 967 1411 1023 uobis
1426 966 1612 1039 desperandi,
1629 983 1711 1040 quo.

96 1056 239 1113 assistens
254 1058 390 1114 sacerdos
404 1074 456 1130 pro
471 1056 606 1112 universo
617 1055 685 1111 orbe
699 1059 856 1121 terrarum,
867 1070 919 1126 pro
968 1055 1060 1128 ¹gendi
1077 1072 1167 1110 causa
1181 1055 1344 1128 supererit?
1356 1079 1369 1105 »ι
1380 1057 1416 1112 Et
1430 1061 1550 1111 sanctus
1561 1056 1711 1130 hieronyn

96 1144 269 1201 absentibus
283 1150 370 1218 atque
386 1144 588 1219 presentibus,
600 1161 652 1216 pro
667 1143 714 1199 his
725 1143 773 1216 qui
785 1145 852 1199 ante
867 1159 920 1198 nos
975 1144 1145 1200 Commento
1156 1143 1291 1217 Epistolar
1306 1145 1342 1199 ad
1359 1144 1499 1216 Ephesios
1517 1161 1524 1200 :
1540 1145 1629 1201 Nolite
1642 1151 1711 1203 cons

96 1232 224 1301 suerunt,
241 1251 292 1306 pro
320 1234 366 1291 his
381 1234 430 1307 qui
454 1238 554 1308 postea
578 1238 648 1290 sunt
671 1233 772 1300 futuri,
788 1233 920 1288 sacrficio
973 1233 1110 1305 Spiritum
1124 1242 1249 1289 sunctum
1271 1234 1321 1290 Dei
1335 1234 1440 1306 (Epeos.
1453 1250 1490 1300 rv,
1502 1233 1548 1306 30)
1561 1250 1567 1289 :
1581 1256 1595 1284 a
1612 1234 1711 1291 Moemr

96 1321 147 1378 illo
162 1323 321 1396 proposito,
338 1324 396 1380 Deo
413 1340 466 1380 nos
489 1322 599 1396 gratias
619 1323 706 1395 jubet
729 1322 844 1378 reterre.
864 1323 921 1377 lloc
976 1321 1050 1378 ritus
1066 1322 1159 1377 sancti
1175 1322 1217 1378 sic
1231 1321 1508 1396 intelligendusest,
1519 1323 1666 1395 quemodo
1681 1322 1711 1379 in

97 1410 353 1484 quippeetaterra
363 1430 416 1468 nos
428 1412 577 1478 liberet,et
587 1411 752 1484 transponit
762 1411 792 1467 in
803 1411 919 1479 coelum,
975 1415 1004 1467 ει
1019 1428 1152 1480 somnus,
1169 1416 1198 1467 et
1213 1415 1323 1467 caeterre
1345 1412 1374 1467 in
1395 1411 1556 1467 humanam
1576 1410 1711 1471 similitu

98 1504 184 1573 atque
192 1518 228 1557 ex
243 1500 414 1557 hominibus
425 1501 545 1575 angelos
560 1501 638 1557 lacit.
652 1524 665 1551 a
682 1502 807 1557 Sanctus
821 1501 923 1573 Diony·
976 1499 1139 1572 passiones.
1156 1500 1217 1554 Nou
1235 1516 1292 1571 quo
1307 1500 1498 1557 contristetur
1513 1500 1652 1573 Spiritus,
1667 1503 1701 1558 οι

97 1589 159 1644 εἰιιε
168 1591 356 1663 Areopagites
366 1590 396 1646 in
408 1589 482 1646 libro
493 1591 528 1646 de
538 1589 734 1646 ecclesiastico
743 1589 920 1662 Principum,
976 1588 1226 1660 perturbationem
1237 1588 1380 1645 Divinitas
1393 1590 1500 1646 sentiat
1511 1607 1517 1645 :
1531 1591 1582 1646 sed
1593 1606 1653 1662 quo
1664 1606 1702 1647 ex

97 1695 160 1750 cap.
176 1683 194 1734 2
210 1696 243 1737 z«
259 1679 434 1737 Hierarchas
456 1679 575 1753 quidem
600 1679 804 1752 unusquisque
820 1679 856 1734 ad
870 1678 922 1734 Dei
977 1676 1146 1733 nostrisDei
1157 1677 1535 1750 discamusafiectus,quod
1548 1682 1711 1752 moerentqt

97 1765 304 1824 similationem
322 1787 425 1826 omnes
440 1769 575 1826 homines
589 1767 688 1824 volens
704 1766 825 1836 salvare,
842 1772 871 1822 et
885 1768 921 1823 ad
941 1801 961 1866 B
976 1782 1092 1838 cunque
1117 1782 1284 1838 peccamus,
1300 1772 1330 1823 ct
1353 1767 1458 1823 delicat
1482 1771 1660 1839 peccatores.
1676 1766 1711 1825 ar

96 1856 276 1930 agnitionem
292 1858 422 1914 veritatis
436 1859 543 1928 venire,
556 1858 693 1930 praedicat
704 1856 840 1913 omnibus
856 1874 923 1912 vers
977 1854 1109 1911 Salvator
1123 1856 1152 1910 in
1164 1873 1283 1929 corpore
1294 1856 1472 1912 constitutus
1483 1856 1562 1913 flevit
1573 1855 1711 1914 llierusal

97 1945 272 2018 Evangelia:
286 1948 396 2016 Quanti,
413 1947 519 2020 inquit,
536 1955 696 2020 acceperunt
709 1965 782 2016 cem,
795 1945 871 2003 dedit
883 1949 923 2002 eis
977 1962 1064 2001 omne
1074 1944 1227 2001 hominurn
1240 1963 1333 2019 genus
1344 1947 1374 2002 in
1386 1947 1529 2020 propheta
1539 1945 1711 2020 deploratdi

96 2041 252 2106 potestatem
265 2036 337 2106 filios
358 2038 408 2092 llei
421 2037 493 2109 fieri,
503 2036 673 2093 credentibus
689 2038 719 2092 ia
730 2037 841 2093 nomine
864 2040 923 2110 ejus
977 2036 1034 2091 ileu
1049 2036 1119 2091 ruiti
1132 2036 1240 2091 animal
1258 2038 1323 2107 quic
1340 2037 1425 2107 periit
1449 2051 1573 2091 reverens
1587 2053 1604 2091 a
1619 2043 1707 2103 terre,

98 2123 187 2190 (loen.
205 2141 225 2192 1,
243 2125 297 2193 12).
314 2124 344 2180 Si
359 2125 426 2198 quis
446 2141 515 2199 ergo
539 2125 664 2182 discedit
678 2143 695 2180 a
709 2141 776 2181 vero
799 2124 921 2189 lumine,
977 2125 1096 2196 corridet
1110 2126 1181 2180 inter
1193 2125 1315 2181 homines
1328 2141 1381 2181 noa
1396 2132 1436 2180 est
1446 2143 1454 2178 .·
1465 2141 1557 2181 merra
1571 2127 1601 2180 in
1616 2140 1711 2198 saepae

98 2215 150 2268 aut
164 2212 200 2268 de
215 2212 474 2287 intellectualibus,
487 2220 646 2288 spontaneo
657 2214 787 2283 arbitrio,
804 2214 922 2270 malitia
977 2213 1130 2269 dicantur.»
1145 2214 1180 2269 Et
1195 2212 1508 2286 sanctushugustinus
1522 2212 1552 2268 in
1563 2212 1639 2270 libro
1649 2213 1711 2271 del

99 2301 269 2375 cupiditate,
282 2302 460 2360 concludens
472 2303 804 2377 naturaliterinspersas
815 2303 870 2358 sibi
887 2304 923 2359 ad
978 2307 1006 2358 ει
1016 2303 1126 2376 Spiritu
1138 2304 1208 2376 (cap.
1219 2304 1265 2373 33)
1277 2321 1302 2358 :«
1313 2302 1384 2359 Vult
1399 2308 1497 2358 autem
1509 2303 1587 2359 Deus
1597 2318 1705 2360 omnes

99 2388 260 2446 illuminari
270 2390 401 2461 virtutes,
413 2393 491 2449 88⁰
508 2410 560 2465 per
574 2392 705 2466 seipsum
719 2409 749 2448 se
765 2391 923 2448 destruct.»
979 2409 1031 2448 nes
1046 2390 1142 2448 salvos
1165 2392 1237 2461 fieri,
1250 2397 1279 2448 ει
1293 2392 1322 2447 in
1344 2392 1524 2464 agnitionem
1539 2391 1671 2448 veritatis
1684 2408 1711 2448 vt

99 2478 135 2535 Et
149 2482 268 2538 sanctus
279 2480 440 2554 Cyprianus
455 2481 484 2537 in
496 2480 570 2537 libro
581 2483 617 2537 de
628 2480 762 2538 Oratione
772 2480 925 2537 Dominica
979 2498 1036 2536 non
1046 2480 1170 2538 sic881
1182 2480 1628 2550 tamen,uteisndimatliberum
1638 2479 1711 2537 arbit

100 2567 171 2624 dicit
184 2585 191 2624 :
204 2591 218 2620 κ
234 2570 308 2626 Nam
327 2587 394 2626 cum
414 2569 551 2644 discipuli
565 2570 603 2628 ab
618 2589 651 2628 eo
667 2589 724 2626 non
737 2572 800 2644 jam
815 2570 923 2626 terreni
979 2587 1037 2643 quo
1050 2570 1093 2627 vel
1104 2570 1229 2627 berevel
1241 2570 1316 2626 male
1327 2575 1442 2626 utentes
1448 2569 1617 2642 justissime
1623 2567 1711 2641 judie

100 2656 295 2729 appellantur,
307 2660 359 2716 sed
372 2659 415 2716 sal
426 2663 555 2727 terre,et
565 2660 722 2734 Apostolus
732 2659 861 2734 primum
872 2659 923 2715 ho·
979 2661 1059 2729 Quod
1076 2677 1143 2715 eum
1160 2659 1202 2727 lit,
1220 2659 1352 2716 infideles
1368 2660 1487 2731 quidem
1507 2663 1610 2714 contra
1623 2656 1711 2714 volun

101 2745 210 2804 minem
220 2750 303 2804 vocet
313 2749 348 2805 de
359 2754 441 2805 terra·
452 2749 533 2816 limo,
544 2751 707 2806 secundum
719 2766 785 2806 vero
796 2749 831 2807 de
842 2749 923 2817 coelo,
979 2749 1029 2806 Dei
1046 2748 1165 2818 iaciunt,
1182 2765 1249 2805 cum
1266 2749 1330 2820 ejus
1344 2747 1498 2823 Evangelio
1515 2764 1572 2803 non
1588 2747 1711 2804 eredunt

100 2841 129 2891 et
144 2852 197 2892 nos
212 2836 340 2909 quiesse
356 2838 497 2895 debemus
515 2839 593 2896 Patri
613 2840 671 2897 Deo
687 2839 797 2896 similes
812 2840 863 2912 qui
878 2857 924 2895 so·
980 2840 1044 2896 ideo
1057 2843 1154 2895 umen
1179 2855 1242 2894 cem
1258 2837 1389 2907 vincunt,
1405 2854 1506 2893 verum
1530 2837 1645 2910 seipsos
1670 2835 1711 2894 ira

100 2924 158 2981 lem
174 2943 261 2982 suum
277 2926 346 2983 oriri
363 2927 432 2984 lacit
445 2946 533 3003 super
547 2929 640 2986 bonos
654 2934 683 2986 et
697 2929 801 2998 malos,
812 2933 841 2985 et
852 2928 926 3001 pluit
980 2945 1087 3001 magno
1102 2933 1130 2984 ct
1143 2945 1260 2983 summo
1272 2928 1358 2991 bono,
1371 2927 1515 2999 malisque
1526 2925 1695 2999 paenalibus
1709 2944 1711 2951 ⁴

101 3031 190 3087 super
209 3017 308 3087 justos
323 3021 353 3073 et
367 3017 503 3089 injustos,
518 3018 560 3075 sic
575 3018 688 3075 Christo
708 3022 844 3075 monente
859 3035 925 3074 ora-
980 3022 1057 3083 caut,
1068 3017 1214 3090 experturi
1231 3017 1260 3071 in
1277 3015 1430 3089 suppliciis
1445 3018 1618 3089 potestatem
1634 3017 1711 3088 ejus,

101 3120 169 3160 mus
179 3108 208 3161 ει
218 3105 356 3178 petimus,
364 3110 396 3161 ut
405 3123 519 3179 precem
531 3124 583 3180 pro
593 3109 726 3164 omnium
735 3106 829 3164 salute
840 3108 924 3163 incia·
980 3107 1009 3162 in
1022 3106 1107 3162 donis
1118 3105 1350 3162 misericordiam
1360 3108 1607 3177 contempserunt.
1619 3105 1709 3161 ltavo

102 3209 181 3262 mus,
193 3198 225 3249 ut
235 3195 381 3266 quomodo
393 3195 422 3251 iu
434 3195 516 3264 coelo,
528 3195 556 3252 id
568 3200 614 3253 est
626 3198 656 3252 in
668 3198 763 3265 nobie,
775 3215 827 3270 per
838 3197 925 3252 fidem
940 3170 961 3239 C
980 3195 1032 3252 Dei
1047 3212 1163 3268 semper
1187 3195 1295 3250 invicta
1308 3198 1354 3250 εει
1370 3211 1376 3248 ;
1394 3193 1558 3250 vinceretur
1581 3196 1693 3261 nutem,
1708 3213 1711 3249 ι

102 3287 234 3338 nestram
244 3282 438 3343 voluntasilei
449 3287 617 3342 sactnestut
627 3304 760 3343 essemus
771 3287 927 3354 ecoelo‚ita
981 3285 1124 3341 inveniret
1138 3283 1209 3356 quid
1225 3284 1260 3339 dc
1282 3282 1532 3355 contemptoribus
1552 3282 1672 3350 laceret,
1683 3298 1711 3338 ιιι

102 3373 131 3425 ει
145 3368 175 3424 in
192 3372 279 3437 terra,
291 3371 346 3427 hoc
357 3377 401 3428 εει
415 3376 447 3429 ιιι
461 3373 520 3430 illis
530 3374 717 3431 erodentibus
728 3376 779 3432 fiat
791 3374 926 3432 voluntas
972 3374 1068 3429 modo
1077 3373 1403 3447 posseutevaderequcd
1412 3369 1711 3428 detalibusilleconsl

104 3456 165 3525 Dei,
175 3463 208 3514 ut
223 3459 272 3531 qui
289 3460 386 3516 adhuc
396 3467 466 3518 sunt
481 3463 576 3535 prima
590 3463 739 3520 nativitate
752 3465 869 3533 terreni,
883 3465 925 3519 in·
982 3467 1016 3518 st
1028 3463 1057 3518 in
1068 3461 1143 3519 libro
1154 3462 1189 3517 de
1201 3460 1416 3517 catechizandis
1427 3461 1560 3516 Rudibus
1572 3477 1597 3515 :a
1610 3459 1696 3529 Vere,
1708 3466 1711 3515 l

103 3545 214 3620 cipisat
228 3564 292 3605 esse
307 3547 438 3607 coelestes
460 3568 496 3607 ex
519 3567 596 3624 aqua
610 3557 639 3608 et
653 3553 763 3625 Spiritu
779 3552 849 3609 nati.
863 3577 876 3603 a
894 3555 928 3609 lit
982 3552 1033 3608 illa
1047 3569 1155 3626 magna
1170 3555 1274 3607 etvera
1289 3550 1439 3606 beatitudo
1450 3554 1504 3618 cst,
1516 3566 1578 3622 quae
1595 3549 1625 3604 in
1642 3548 1711 3605 tutu

104 3639 224 3693 sanctus
235 3637 363 3695 Hilarius
377 3636 408 3694 in
424 3640 553 3696 secundo
568 3639 642 3698 libro
657 3643 691 3698 de
708 3641 776 3698 i'ide
786 3640 848 3716 (lib.
860 3660 881 3699 11
896 3642 929 3698 de
982 3641 1047 3698 culo
1059 3640 1169 3696 sanctis
1179 3638 1552 3713 promittitur.0mniavero
1567 3635 1699 3693 visibilia

29 3730 32 3735 '
106 3727 181 3782 Trio.
197 3729 264 3798 post
278 3726 419 3801 medium)
431 3745 456 3784 :a
474 3728 599 3785 Humani
615 3730 693 3786 enim
709 3731 824 3804 generis
839 3749 928 3788 causa
982 3733 1062 3796 eunt,
1079 3733 1108 3785 et
1121 3728 1218 3783 omnis
1239 3728 1329 3800 hujus
1349 3727 1446 3784 saeculi
1468 3743 1583 3799 pompa,
1600 3730 1629 3782 ει
1642 3724 1711 3782 delia

104 3813 155 3869 Dei
172 3812 263 3871 Filius
279 3819 366 3872 natus
387 3832 421 3872 cx
444 3815 555 3890 virgine
579 3823 634 3887 est,
651 3823 679 3874 et
693 3819 802 3892 Spiritu
828 3824 928 3876 sancto
983 3817 1355 3885 curiositasinteribunt,ot
1366 3833 1465 3872 secum
1477 3816 1512 3871 ad
1523 3815 1711 3872 interitumtt

105 3901 168 3975 ipso
180 3901 236 3957 sibi
250 3903 279 3957 in
290 3903 344 3960 hae
354 3905 521 3977 operatione
536 3906 741 3980 larnulanle,et
752 3925 806 3964 sua
820 3909 870 3965 Dei
887 3909 928 3964 vi·
983 3913 1128 3964 amatores
1143 3908 1257 3961 suosh
1273 3922 1330 3978 quo
1346 3904 1477 3972 interitu,
1495 3904 1608 3959 honest
1623 3903 1711 3976 poenit

105 3989 210 4047 delicet
225 3990 412 4050 inumbrante
427 3993 543 4063 virtute,
554 3997 683 4068 corporis
695 3996 751 4052 sibi
766 3997 850 4053 initia
864 4014 930 4054 con·
983 3995 1116 4069 piterniS,
1127 3995 1204 4050 Deus
1215 3994 1381 4049 misericors
1392 3993 1490 4048 voleus
1506 4008 1608 4047 omnes
1623 3991 1711 4048 hemi!

105 4079 187 4148 sevit,
198 4085 226 4136 et
240 4081 358 4138 exordia
372 4082 469 4141 earnis
483 4082 621 4153 instituit,
636 4087 669 4141 ut
682 4085 770 4142 homo
785 4085 879 4143 lactus
895 4103 929 4142 ex
983 4086 1094 4153 berane,
1107 4084 1132 4140 si
1143 4083 1198 4140 sibi
1211 4083 1266 4154 ipsi
1282 4099 1340 4138 non
1356 4082 1414 4137 sint
1429 4081 1587 4149 inimici,et
1599 4099 1659 4136 non
1670 4097 1711 4138 ret

104 4166 215 4242 virgine
231 4173 366 4227 naturam
381 4171 411 4228 in
433 4189 464 4229 se
484 4172 636 4247 acciperet,
652 4191 762 4248 perque
778 4174 867 4248 hujus
882 4176 930 4232 ad·
984 4171 1711 4244 misericordiaeCreatorissui‚misitunigenitum}

73 4304 78 4308 .
105 4257 253 4316 mistionis
268 4260 439 4317 societatem
455 4262 671 4319 sanctificatum
691 4263 720 4317 in
744 4280 778 4319 eo
802 4264 928 4320 universi
984 4280 1082 4331 suum,
1094 4261 1149 4318 hoc
1164 4266 1209 4317 est
1218 4261 1346 4318 Verbum
1359 4278 1446 4316 suum
1462 4260 1572 4334 equale
1587 4259 1655 4327 sibi,
1667 4275 1711 4333 pet

105 4347 221 4420 generis
241 4348 363 4405 humani
376 4365 483 4422 corpus
507 4350 665 4407 existeret:
682 4354 714 4406 ιιι
739 4353 928 4424 quemadmo·
984 4350 1114 4409 condidit
1123 4351 1530 4422 omnia:etmanensquidem
1542 4351 1571 4405 in
1581 4349 1711 4406 divinitat

106 4435 176 4490 dum
188 4453 291 4493 omnes
301 4437 331 4493 in
343 4454 374 4495 se
384 4456 437 4511 per
447 4439 475 4495 id
488 4439 565 4512 quod
576 4456 748 4514 corporeum
763 4457 828 4498 esse
839 4441 930 4498 voluit
983 4447 1012 4498 et
1027 4458 1084 4497 non
1101 4441 1239 4497 recedens
1254 4456 1271 4496 s
1284 4440 1377 4506 Patre,
1390 4455 1442 4495 nec
1458 4439 1487 4493 in
1501 4438 1599 4511 aliquo
1611 4442 1711 4496 mutat

106 4524 310 4594 conderentur,
324 4525 364 4582 ita
379 4545 496 4585 rursum
513 4528 542 4584 in
558 4546 660 4586 omnes
675 4528 737 4603 ipse
750 4529 839 4603 perid
851 4532 928 4603 quod
945 4539 968 4606 ὓ
984 4531 1128 4587 sumendo
1143 4534 1240 4586 tamen
1259 4527 1420 4595 hominem,
1432 4533 1461 4584 ει
1477 4529 1506 4584 in
1522 4545 1609 4584 carne
1625 4532 1711 4585 morli

106 4609 171 4680 ejus
196 4616 241 4667 est
265 4612 409 4671 invisibile
432 4618 582 4674 reseretur.
596 4642 610 4669 »
621 4619 656 4675 itt
678 4619 747 4675 item
766 4635 798 4675 :a
821 4619 929 4677 Munus
984 4619 1114 4676 minibus
1129 4617 1307 4692 apparendo,
1318 4617 1397 4674 venit
1412 4619 1447 4673 ad
1463 4617 1609 4684 homines,
1620 4621 1653 4673 ut
1668 4632 1710 4690 qu

108 4700 206 4752 autam
222 4700 299 4770 quod
315 4700 344 4755 in
356 4701 470 4760 Christo
485 4710 529 4762 est
539 4707 677 4764 omnibus
692 4711 771 4781 patet
781 4725 889 4775 unum;
903 4712 931 4766 et
984 4710 1106 4767 modum
1121 4725 1172 4781 per
1187 4724 1280 4763 unum
1291 4706 1439 4762 hominem
1452 4707 1501 4779 qui
1518 4707 1632 4780 primus
1644 4706 1711 4764 laeta

108 4784 184 4858 quod
195 4785 303 4858 ubique
313 4804 370 4843 uon
383 4791 464 4848 deest
475 4793 504 4847 in
518 4798 633 4851 lautum
643 4797 730 4852 datur
744 4797 930 4870 inquantum
985 4799 1014 4854 id
1030 4802 1074 4854 est
1083 4798 1185 4866 Adam,
1198 4813 1277 4852 mors
1288 4795 1407 4852 intravit
1418 4795 1447 4849 in
1458 4812 1552 4869 genus
1562 4795 1711 4853 humanus

108 4872 175 4946 quis
189 4873 265 4930 volet
279 4891 405 4944 sumere,
420 4877 450 4934 in
466 4884 580 4937 tantum
601 4883 709 4940 residet
731 4884 761 4940 in
785 4891 930 4958 quantum
986 4885 1134 4944 consensit
1148 4885 1263 4942 mulieri
1279 4902 1339 4941 suae
1354 4885 1480 4942 seducte
1495 4901 1511 4940 a
1525 4882 1641 4940 diabolo
1656 4887 1692 4940 ut
1705 4901 1711 4958 y

108 4963 175 5038 quis
188 4961 266 5020 velet
279 4966 448 5037 promereri.
464 4989 478 5016 »
490 4968 613 5027 Sanctus
627 4987 744 5044 quoque
758 4975 931 5032 Ambrosius
985 4980 1069 5051 ptum
1078 4975 1129 5033 Dei
1136 4975 1425 5048 transgrederentur:
1436 4974 1477 5030 sic
1487 4991 1538 5046 per
1546 4989 1638 5028 unum
1647 4971 1711 5033 hoa

108 5053 138 5110 in
155 5051 268 5127 psalmo
284 5069 369 5110 cxtltt
385 5070 531 5127 exponens
549 5074 666 5114 versum
679 5076 686 5114 ε
699 5060 851 5119 Becitctem
864 5066 931 5136 [eei-
986 5067 1035 5139 qni
1046 5067 1134 5122 etiam
1146 5066 1223 5121 Deus
1234 5068 1287 5132 est,
1300 5063 1350 5119 Dei
1365 5062 1465 5130 Filius,
1479 5062 1580 5118 Jesum
1591 5061 1711 5118 Christu

107 5147 144 5202 cti
171 5160 233 5200 cum
260 5159 336 5200 seruo
363 5151 418 5214 teo,
431 5147 555 5214 Domine,
577 5146 617 5203 ita
631 5147 702 5203 dicit
717 5166 724 5204 :
741 5153 833 5224 Quem
847 5153 932 5210 tonus
987 5155 1053 5211 letis
1063 5154 1200 5210 omnibus
1214 5152 1339 5225 peccatis
1355 5153 1519 5225 preteritis,
1532 5151 1685 5208 credentes
1698 5150 1708 5206 i

108 5234 192 5290 lsrael
214 5235 284 5290 Deus
308 5234 387 5290 rccttr
410 5233 508 5291 corde!
523 5237 610 5302 (Paci.
629 5253 711 5303 ιιιιιιι,
726 5237 761 5311 1).
777 5239 851 5311 Ergo
878 5242 933 5296 bo·
987 5261 1088 5301 omnes
1103 5243 1132 5298 in
1149 5247 1287 5298 eternam
1309 5241 1398 5297 vitam
1422 5241 1654 5314 ingrederentur.
1668 5240 1711 5296 »ll

109 5341 165 5379 nus
181 5322 328 5392 omnibus,
344 5322 414 5396 quia
427 5340 530 5380 omues
551 5330 628 5381 recto
648 5326 710 5382 vult
733 5343 797 5384 esse
821 5332 930 5387 corde:
987 5350 1054 5406 sper
1072 5335 1172 5389 contra
1185 5331 1395 5387 vincentianos
1415 5332 1496 5403 (resp.
1509 5331 1555 5403 2):
1572 5354 1586 5380 «
1609 5328 1711 5387 Sincer

110 5413 159 5483 qui
175 5417 272 5468 autem
283 5414 369 5469 corde
384 5411 580 5482 declinaverit,
596 5413 658 5486 ipse
673 5431 690 5470 a
705 5432 736 5471 se
751 5417 876 5490 gratiam
892 5421 934 5475 di·
988 5422 1163 5478 credendum
1183 5424 1271 5492 atquc
1295 5422 1491 5493 profitendum
1507 5422 1560 5488 est,
1577 5419 1670 5475 Deum
1686 5435 1711 5475 vt

108 5500 181 5555 vinae
196 5501 336 5559 bonitatis
348 5502 470 5560 avertit:
483 5518 598 5575 semper
612 5502 690 5559 Deus
703 5503 799 5561 bonus
813 5512 885 5562 est.»
898 5510 933 5564 lit
987 5526 1088 5566 omnes
1099 5508 1233 5564 homines
1244 5509 1315 5565 salvi
1327 5511 1408 5566 liant.
1421 5510 1571 5583 Siquidem
1583 5507 1711 5581 Apostoll

110 5586 140 5643 S.
155 5588 282 5647 loannes
297 5591 524 5665 chrysostomus
542 5589 573 5648 in
592 5590 667 5649 libro
685 5593 721 5649 de
741 5593 932 5667 Reparntione
983 5600 1034 5671 jus
1050 5598 1106 5654 ista
1127 5598 1271 5656 sententia
1286 5604 1342 5668 est,
1357 5598 1565 5657 sollicitissime
1579 5596 1711 5672 precipit
