3810 6098
93 294 171 358 1075
479 294 670 359 elnonem
693 295 816 359 RHEM.
839 295 1023 359 secutur.
1046 298 1255 361 DPUSGULA
1277 296 1408 359 leilel.
1727 292 1806 356 toro

92 429 166 486 mici
180 427 249 485 tito
263 426 386 498 indipnc,
398 427 538 500 judiciam
555 430 611 486 sibi
631 430 779 488 meamet
797 439 823 487 ct
842 431 919 500 bibit,
936 431 1024 500 Acri
1038 431 1154 489 adulter.
1171 438 1219 488 cat
1239 447 1338 504 repar,
1354 437 1402 487 aot
1422 429 1559 487 hericiis
1572 436 1620 500 est,
1632 445 1696 485 com
1712 428 1807 502 haior-

93 517 329 591 meditationes,
345 516 435 574 idest
451 535 510 574 non
531 518 700 575 discernens
716 537 733 575 a
748 520 822 577 cibis
837 525 921 577 cate·
974 521 1050 578 aradi
1063 538 1112 577 rec
1126 523 1218 577 cibam
1231 500 1339 577 arimerc
1353 524 1379 588 (f
1391 522 1451 577 Car.
1469 524 1508 589 v).
1524 518 1631 576 Christi
1647 517 1805 591 discipula,

95 607 255 681 ris,earpar
277 607 632 681 DamiaiifGar.x1):sed
661 610 703 666 sie
727 610 764 665 ad
788 626 921 666 mensam
976 611 1066 668 idest
1086 607 1348 680 Christiana,licet
1369 614 1436 664 ante
1460 607 1745 675 satisfactionem,id
1763 612 1808 664 est

95 697 213 764 Domini
222 697 336 754 aceedit
346 697 410 754 sine
421 697 581 754 reverentia
591 701 619 753 at
628 697 733 754 timore
744 700 780 755 de
795 698 922 771 peccatis
976 700 1195 767 correctionem,
1206 716 1239 755 ac
1250 697 1484 754 emendationem
1496 701 1524 753 ct
1534 696 1655 770 dignam
1666 696 1809 768 preniten-

95 786 169 856 suis,
182 785 259 844 sicut
272 785 356 843 leatus
371 786 491 855 accedit,
504 788 622 859 quande
637 787 736 844 socius
751 805 824 845 suus
838 787 921 845 illum
976 789 1058 846 tiam
1070 788 1199 845 Audiant
1209 788 1287 861 quod
1299 791 1418 844 sanatus
1427 787 1555 843 loannes
1572 784 1737 859 apostolus,
1750 783 1808 841 ele-

95 876 184 952 plena
198 892 301 934 mensa
316 875 410 948 pascit
428 876 465 932 da
484 876 595 950 rapinis
610 876 683 933 suis.
700 878 735 933 Et
750 878 827 950 quod
844 878 922 934 idem
977 880 1042 933 ctus
1063 880 1091 931 et
1114 875 1238 932 dilectus
1251 875 1369 943 Christi,
1383 875 1433 947 qui
1448 875 1478 930 in
1494 867 1577 931 cinna
1592 891 1682 946 super
1706 877 1809 947 pectus

96 966 169 1024 dicit
181 963 356 1039 Apostolus:
368 964 429 1021 ldae
444 966 515 1021 iarer
529 982 575 1021 aas
594 967 676 1022 malti
697 968 813 1038 infirmi,
827 977 853 1024 et
869 970 922 1023 im·
977 965 1042 1037 ejus
1052 963 1196 1033 recubuit,
1204 964 1292 1020 talem
1301 964 1451 1019 hominem
1460 962 1806 1031 salutarevetat,dieens:

97 1056 216 1125 matha,
229 1054 415 1122 etdarmtcct,
428 1053 518 1109 idest
533 1055 710 1123 moriuntur,
725 1057 808 1112 matti
821 1056 920 1130 (ibid).
977 1055 1030 1111 Nee
1044 1054 1097 1110 dae
1121 1056 1148 1110 at
1170 1054 1308 1121 diceritis,
1320 1069 1406 1126 acque
1420 1055 1450 1109 ir
1465 1053 1576 1109 denam
1600 1053 1758 1124 receperitis
1773 1054 1809 1121 (ii

97 1144 157 1202 lioe
168 1141 839 1215 monstraturinexemplodeinfrrmitatibuset
849 1133 924 1201 mar·
976 1149 1059 1203 Jaaa.
1071 1145 1110 1213 a).
1121 1142 1249 1199 Audiant
1261 1142 1332 1215 quid
1348 1159 1400 1216 per
1414 1141 1586 1216 prophetam
1603 1142 1751 1199 Dominus
1766 1141 1808 1196 di·

96 1234 178 1290 tibus
189 1230 389 1304 corporalibus
403 1230 580 1303 aliquorum,
594 1234 672 1305 quad
687 1234 721 1289 fit
734 1234 763 1289 in
778 1235 878 1292 anima
894 1235 923 1291 in
978 1233 1018 1288 cit
1033 1233 1069 1288 ad
1085 1231 1195 1304 eosqui
1211 1232 1240 1286 in
1255 1231 1351 1288 medio
1366 1231 1470 1288 talium
1485 1231 1687 1288 immorantur
1699 1248 1706 1287 ε
1718 1232 1808 1300 licite,

98 1319 282 1396 spiritalibus
293 1319 516 1376 infirmitatibus
527 1324 616 1394 atque
631 1323 775 1379 mortibus
790 1324 923 1380 amnium
978 1321 1125 1392 inquiam,
1141 1321 1392 1388 correcturarum,
1407 1329 1433 1377 ct
1447 1321 1667 1377 immendamur
1690 1322 1809 1390 tetiperi-

98 1410 360 1470 irreverandarum.
377 1410 437 1467 Hoc
452 1409 531 1468 enim
551 1412 670 1485 pascha,
683 1414 759 1486 quod
779 1419 849 1472 tune
868 1416 924 1472 Do·
978 1413 1024 1480 tis,
1035 1419 1060 1467 et
1074 1427 1122 1481 epa
1141 1412 1275 1484 recipiam
1298 1427 1355 1479 aas,
1371 1419 1396 1468 at
1411 1411 1538 1467 habimba
1562 1412 1635 1466 inter
1649 1426 1707 1478 aas,
1724 1418 1750 1465 et
1765 1426 1808 1466 era

100 1500 200 1558 minus
215 1499 245 1555 in
260 1516 334 1556 novo
354 1499 492 1573 mysteria
506 1501 576 1574 egit,
592 1501 723 1574 quotidie
742 1502 925 1561 celebramus
978 1501 1053 1558 vatis
1066 1503 1097 1557 ia
1112 1502 1206 1569 Deam,
1218 1509 1244 1557 ct
1256 1516 1302 1558 ear
1324 1501 1402 1557 critas
1428 1501 1499 1556 mihi
1512 1502 1541 1556 ia
1555 1500 1630 1572 filias
1644 1506 1672 1556 et
1686 1499 1762 1571 filios
1776 1498 1811 1569 (ff

100 1588 333 1664 quotiescunque
344 1587 467 1644 missam
478 1588 594 1663 agimus
606 1607 613 1646 ε
624 1591 773 1664 sicutipse
784 1596 855 1648 tunc
867 1610 926 1650 orn·
981 1590 1269 1662 far.v1,fcr.xxx1).
1287 1589 1365 1645 Nihil
1388 1589 1467 1646 enim
1482 1593 1528 1646 est
1548 1588 1629 1645 aliud
1656 1588 1737 1661 quad
1763 1588 1808 1644 isti

99 1679 188 1737 nibus
202 1677 349 1751 episeopis
363 1680 392 1733 et
406 1679 638 1752 presbyterique
651 1681 764 1738 ceteris
778 1682 925 1752 fidelibus,
980 1682 1112 1751 raptores
1128 1678 1249 1745 faciunt,
1262 1677 1319 1734 nisi
1335 1678 1493 1751 praecursio
1506 1677 1653 1734 exercitus
1663 1676 1808 1732 Antichri-

100 1765 318 1826 celcbrantibus
328 1769 415 1840 atque
430 1767 597 1825 astantibus
611 1771 648 1825 ad
663 1769 718 1826 hoc
733 1771 862 1828 terribile
877 1789 926 1827 sa·
942 1800 966 1866 Β
981 1767 1126 1840 aiicujus
1145 1783 1214 1823 voce
1236 1767 1346 1823 dictum
1363 1771 1407 1822 ost
1418 1784 1424 1824 :
1437 1768 1496 1824 Nar
1519 1767 1678 1823 ewccbara
1693 1782 1809 1838 penere-

100 1861 295 1923 cramentom,
311 1856 342 1912 in
362 1856 503 1929 apostolis
527 1859 589 1915 suis
614 1858 686 1916 dixit
701 1878 708 1917 :
724 1864 786 1918 llaec
809 1864 925 1934 quaties·
979 1859 1052 1914 tiana
1079 1860 1109 1913 tr
1132 1859 1334 1929 pcecratiaarm
1359 1858 1420 1914 sine
1446 1857 1519 1914 meta
1547 1856 1635 1926 (Psoi.
1653 1855 1693 1928 x),
1711 1855 1741 1911 id
1768 1859 1810 1912 est

100 1962 207 2019 citnqae
220 1947 351 2018 (aemio,
365 1947 395 2002 in
408 1963 498 2003 meam
517 1951 679 2005 aeranem
702 1952 809 2022 facietis
823 1952 925 2022 (raet).
980 1949 1063 2002 tanta
1077 1945 1155 2001 mala
1171 1946 1275 2002 faciam
1300 1946 1329 2001 in
1354 1963 1412 2003 una
1436 1944 1510 2017 loca,
1526 1953 1559 2002 ut
1583 1949 1749 2018 antequam
1774 1945 1807 2001 ad

101 2035 137 2094 ct
150 2034 323 2110 potcstsseri
339 2039 373 2092 ut
387 2037 508 2108 quidam
524 2037 676 2096 audientes
690 2039 749 2096 tale
763 2039 926 2113 periculum
980 2034 1071 2090 alium
1087 2034 1185 2090 locum
1199 2034 1326 2101 veniam,
1338 2035 1494 2092 1111111111]
1507 2051 1606 2090 11111111
1620 2034 1663 2091 ibi
1678 2033 1809 2091 11111111·

101 2141 166 2185 ease
181 2125 398 2182 communicare
412 2126 525 2200 corpori
540 2131 569 2184 et
585 2129 721 2202 sangnini
738 2129 864 2199 Domini,
876 2130 926 2202 qni
979 2127 1024 2179 tes
1034 2123 1176 2179 timeant:
1191 2123 1281 2180 sedet
1295 2128 1397 2197 postea
1409 2123 1546 2180 sentient.
1558 2124 1593 2179 Et
1603 2123 1737 2180 ioannes
1747 2140 1809 2195 ape

103 2232 162 2272 non
176 2213 310 2271 volunta
324 2214 411 2271 malis
425 2217 558 2273 recedere
573 2221 602 2273 et
616 2218 652 2274 de
666 2219 821 2290 preteritis
835 2220 927 2292 poeni·
980 2211 1092 2269 stolus:
1106 2213 1193 2278 Nuce,
1210 2211 1316 2287 inquit,
1332 2214 1490 2270 antichristi
1512 2213 1594 2269 malti
1612 2220 1681 2270 sarit
1694 2215 1720 2284 (f
1731 2213 1806 2270 iace.

103 2302 227 2361 tantiam
252 2319 348 2376 agere,
364 2303 464 2359 dicant
477 2319 485 2359 ε
500 2304 722 2363 Abstinabimus
747 2325 800 2363 nos
821 2308 857 2364 ab
878 2308 928 2365 illa
967 2301 1024 2374 n).
1041 2301 1123 2358 Unde
1143 2301 1306 2359 timendum
1327 2303 1411 2360 nobis
1426 2304 1564 2375 estquod
1580 2301 1679 2359 omnis
1693 2306 1808 2375 propter

104 2390 929 2470 communione,qniananratrahimusnasamataapera·
982 2389 1037 2446 hoo
1065 2391 1237 2464 depreeatur
1265 2391 1416 2449 Ecclesia:
1437 2393 1569 2464 Eraarpc,
1584 2394 1704 2449 Domine
1729 2394 1807 2458 Dea,

103 2480 193 2538 tione
205 2480 287 2558 Unde
299 2480 421 2537 audiant
430 2481 656 2555 quibuscunque
666 2484 801 2542 diabolus
811 2486 869 2542 ista
883 2504 930 2542 su·
981 2480 1298 2550 catarascensis,
1316 2481 1345 2537 id
1365 2483 1409 2538 est
1429 2481 1466 2538 ad
1481 2480 1655 2547 vindictam,
1670 2498 1727 2537 narr
1741 2481 1808 2538 abti-

105 2573 214 2638 surrat,
226 2569 365 2642 quoniam
382 2568 458 2626 sicut
477 2571 619 2629 Dominus
634 2573 706 2630 dicit
721 2574 756 2631 de
770 2574 927 2648 baptismo,
982 2570 1098 2626 vitereio
1124 2587 1271 2643 pauperem
1289 2571 1422 2643 papatem
1435 2571 1523 2640 (Psoi.
1536 2572 1577 2640 x).
1594 2571 1632 2627 Et
1655 2570 1808 2635 Dominus,

105 2658 184 2732 quod
206 2656 307 2715 nullus
331 2662 428 2732 potest
450 2660 513 2716 fleri
537 2659 645 2735 salsus,
658 2662 714 2719 nisi
734 2664 784 2735 qni
809 2670 929 2721 renatas
983 2657 1033 2732 qui
1050 2676 1107 2715 non
1123 2659 1275 2727 mentitur,
1290 2659 1476 2732 repromittit,
1487 2661 1588 2717 dicens
1604 2677 1612 2715 ε
1628 2666 1747 2734 Propter
1758 2661 1810 2716 mi-

105 2745 194 2805 fuerit
207 2763 242 2804 ex
257 2763 334 2820 aqua
346 2751 375 2803 et
388 2747 500 2822 Spiritu
516 2754 637 2807 saneto:
654 2750 696 2808 ita
709 2753 744 2808 de
758 2753 812 2809 hae
827 2757 930 2810 sancta
982 2749 1084 2804 εονίηηι
1094 2750 1248 2820 inoperari
1258 2751 1388 2821 percitum
1394 2766 1809 2822 properantiores-sarpam.

105 2834 312 2895 communione
327 2836 400 2893 dixit
415 2853 421 2892 :
438 2838 501 2895 Nisi
512 2840 745 2899 maducaveritis
760 2859 870 2899 carram
885 2844 929 2899 Ft·
983 2836 1051 2894 dicit
1066 2839 1200 2894 Dominus
1211 2837 1295 2911 (Paci.
1307 2840 1358 2908 xr),
1369 2837 1399 2893 id
1414 2839 1533 2910 ostiam
1544 2838 1710 2912 jamquein
1721 2838 1811 2911 proxi·

107 2927 141 2984 lii
152 2926 315 2994 hominm
329 2927 453 2984 biberitis
468 2928 526 3000 ejas
540 2931 714 2999 sanquinem,
727 2948 783 2988 aar
797 2932 930 2989 hababitis
984 2943 1032 2983 mo
1047 2927 1205 2983 vindictam
1221 2927 1368 2984 exercebo.
1380 2927 1508 2983 hudiant
1528 2932 1674 3001 raptores,
1690 2928 1763 3001 quid
1777 2929 1810 2984 de

104 3017 190 3072 ciam
205 3016 236 3071 in
247 3014 322 3071 actis
336 3016 425 3083 (taor.
445 3016 495 3087 vr).
512 3016 547 3071 ut
557 3016 645 3074 sicut
666 3018 739 3074 dixit
755 3035 761 3074 :
780 3021 833 3088 Qui
847 3021 931 3077 eadi-
983 3015 1093 3072 talibus
1107 3015 1184 3072 sacri
1198 3032 1326 3073 canones
1341 3016 1501 3073 decernunt
1513 3022 1601 3085 (cana
1620 3019 1704 3075 fatet.
1718 3036 1740 3084 1,
1752 3035 1810 3073 car.

105 3104 177 3163 derit
188 3111 215 3161 ct
229 3105 383 3177 baptizatas
405 3105 500 3176 feccrit,
517 3106 611 3163 arctous
633 3109 687 3164 crit
707 3108 800 3178 (llere.
816 3109 884 3182 xvi),
902 3109 930 3165 id
987 3104 1032 3174 11)
1044 3121 1050 3159 :
1062 3104 1092 3160 Si
1108 3105 1185 3177 quis,
1203 3105 1395 3177 inquiunt,da
1410 3105 1580 3178 potentibus
1596 3104 1751 3171 clericum,
1765 3109 1813 3163 aut

105 3197 160 3261 est,
177 3191 255 3251 sicut
268 3191 403 3266 promisit
417 3193 447 3249 in
472 3194 659 3267 baptismate,
674 3195 790 3254 diabolo
814 3202 844 3254 et
867 3170 968 3271 ejusC
987 3192 1147 3267 quemlibet
1161 3210 1331 3267 pauperem,
1347 3198 1399 3251 aut
1413 3193 1582 3268 religiosum
1599 3194 1810 3267 exspoliavefl‘l,

107 3281 245 3355 operibus
259 3281 503 3352 abrenuntianda,
520 3284 593 3340 etin
612 3285 704 3341 Deum
721 3287 778 3343 fida
793 3305 857 3359 qua
881 3304 933 3360 per
986 3286 1015 3339 et
1029 3282 1211 3339 mandaverit
1226 3283 1262 3340 ad
1280 3283 1377 3356 ipsum
1398 3283 1554 3356 episeopus
1568 3286 1604 3340 ut
1617 3301 1688 3340 eum
1704 3284 1810 3351 audiat,

106 3368 293 3427 dilectionem
307 3374 445 3443 operatur
458 3372 613 3442 credendo,
624 3373 679 3431 hoc
694 3379 739 3431 est
754 3379 787 3432 ut
796 3375 825 3433 in
838 3377 933 3433 frdeet
985 3376 1015 3429 et
1027 3371 1053 3429 is
1063 3372 1272 3445 contempserit
1284 3389 1290 3427 :
1303 3372 1427 3429 invicem
1438 3390 1505 3430 max
1515 3373 1627 3446 scripta
1641 3379 1811 3446 percurrant

107 3456 346 3532 bonisaperibns
369 3464 547 3531 permaneat,
564 3467 593 3518 et
612 3463 637 3519 si
662 3468 729 3537 post
750 3464 930 3538 baptismum
986 3477 1038 3535 per
1065 3478 1168 3517 amnes
1196 3461 1349 3533 provincia
1378 3463 1541 3535 episcopos,
1561 3468 1591 3518 11
1620 3478 1810 3535 1111111111

107 3545 280 3622 peccaverit,
296 3547 509 3606 confessionem
530 3553 558 3607 et
576 3551 695 3624 dignam
717 3554 930 3625 penitentiam,
986 3549 1066 3607 adire
1085 3549 1222 3624 potuerit,
1238 3553 1273 3606 ut
1295 3550 1567 3608 excommunicatus
1591 3551 1749 3620 habeatur,
1764 3552 1808 3608 da·

106 3634 166 3694 illis
181 3635 232 3708 qui
250 3635 281 3693 in
296 3653 365 3694 eum
390 3643 582 3709 peccaverunt
596 3640 781 3711 dimittendo,
797 3647 826 3698 et
847 3643 932 3698 banis
986 3656 1040 3696 nec
1055 3638 1155 3696 audiat
1169 3643 1198 3695 et
1212 3640 1315 3696 reddat
1329 3639 1434 3697 aliena.
1446 3640 1518 3697 Ecce
1533 3641 1570 3697 dc
1584 3658 1753 3714 pauperum
1768 3657 1809 3696 ra·

107 3724 245 3797 operibus
256 3724 430 3795 insistendo,
442 3727 497 3783 hoc
510 3729 587 3799 quod
603 3728 679 3784 male
694 3731 762 3786 fecit
776 3731 930 3787 emendet:
986 3728 1130 3802 ptaribus.
1146 3728 1275 3784 Audiant
1290 3734 1421 3802 raptores
1435 3732 1464 3786 et
1483 3731 1636 3802 praedones
1651 3747 1753 3787 rerum
1766 3746 1808 3785 ec-

70 3883 76 3887 ,
108 3813 151 3869 ita
164 3813 252 3869 etiam
273 3814 308 3868 do
332 3812 387 3868 hac
411 3818 512 3870 saneta
535 3817 741 3874 communione
755 3820 829 3875 dixit
843 3823 930 3892 (tear.
987 3815 1301 3890 clesiasticarnm‚qnid
1314 3822 1435 3874 sanctus
1443 3817 1601 3875 Anaclatus
1611 3836 1700 3892 papa,
1708 3821 1745 3876 ab
1753 3819 1809 3892 ipsa

108 3903 148 3970 vr)
160 3917 166 3956 :
179 3900 233 3970 Qui
245 3901 393 3958 ηιοηάηοηι
411 3919 523 3960 camec
538 3901 673 3973 meriaci
688 3907 757 3964 bibit
768 3911 934 3978 sanquinem
986 3904 1070 3961 beato
1084 3905 1163 3961 Petra
1174 3905 1305 3978 apostolo
1314 3906 1466 3980 presbyter
1475 3906 1809 3978 ordinatus‚cumtotius

46 4039 48 4042 .
106 4006 209 4055 meam,
222 3991 253 4046 in
266 4007 310 4046 rrae
323 3999 523 4063 meretriceo
546 3996 576 4050 ir
597 4011 637 4052 ea.
654 3996 689 4054 ut
705 4013 712 4051 :
727 3997 760 4053 St
773 4000 834 4071 qais
852 4015 932 4054 mar-
987 3992 1091 4049 mundi
1106 3994 1307 4051 sacerdotibus
1318 3995 1471 4065 judicavit.
1486 3996 1563 4053 Dicit
1582 4013 1714 4070 namque
1728 3998 1808 4068 (epist.

107 4079 249 4136 domarit
260 4095 296 4136 cr
308 4081 358 4137 hac
368 4097 450 4152 pare,
461 4084 532 4139 otcet
547 4085 577 4139 ic
596 4093 738 4143 aarum.
755 4096 782 4143 ct
792 4103 841 4157 epa
855 4105 932 4144 resa·
987 4082 1013 4154 1)
1025 4098 1032 4138 2
1045 4083 1099 4148 Qui
1114 4081 1269 4140 abstulerit
1283 4083 1393 4157 aliquid
1408 4085 1482 4156 patri
1491 4084 1536 4141 vel
1547 4086 1649 4153 main,
1663 4085 1809 4143 homicida

106 4167 208 4225 scitata
234 4184 297 4224 com
322 4170 352 4224 ira
375 4172 590 4228 awarimadia.
608 4174 644 4230 Et
659 4192 666 4230 ε
682 4175 760 4231 Sires
786 4178 864 4232 misit
889 4193 933 4233 me
986 4171 1132 4245 particeps
1146 4176 1200 4228 est.
1213 4173 1297 4228 Pater
1310 4175 1410 4229 noster
1423 4172 1487 4229 sine
1501 4173 1593 4231 dubio
1604 4174 1686 4231 Deus
1701 4180 1754 4240 est,
1765 4172 1808 4246 qui

107 4258 200 4315 aterna
223 4257 315 4325 Pater,
331 4266 357 4315 ct
378 4275 427 4329 epa
450 4262 511 4317 aira
534 4270 645 4334 prepter
666 4266 790 4320 Patrem.
807 4265 842 4321 Et
858 4281 864 4322 :
882 4267 933 4334 Qai
986 4276 1039 4315 nos
1050 4259 1167 4329 crearit,
1180 4265 1274 4317 mater
1287 4277 1354 4317 vero
1368 4265 1469 4318 nostra
1481 4260 1622 4332 Ecclesia,
1634 4280 1701 4336 qua
1717 4280 1768 4320 nas
1782 4262 1807 4316 in

106 4346 256 4403 manducat
269 4364 322 4414 me,
338 4355 364 4404 et
378 4349 434 4419 ipsa
453 4351 524 4405 rivet
543 4359 653 4422 propter
673 4369 725 4409 ric.
741 4354 870 4410 Audiant
884 4371 931 4410 ra·
986 4348 1133 4420 baptismo
1148 4348 1318 4421 spiritaliter
1342 4350 1531 4424 regeneravit.
1543 4350 1619 4423 firgo
1634 4350 1688 4424 qui
1708 4349 1806 4408 Christi

108 4436 233 4507 pacaret
243 4435 507 4509 predatores,quid
524 4439 630 4495 iterum
645 4440 789 4498 Dominus
804 4460 856 4514 per
869 4460 933 4515 pre
986 4437 1164 4509 pecuniaset
1174 4437 1308 4494 Ecclesiae
1324 4438 1411 4512 rapit,
1419 4443 1471 4495 aut
1480 4439 1586 4508 aufert,
1594 4438 1638 4496 val
1649 4441 1805 4504 fraudatur,

108 4518 227 4591 phetam
235 4520 320 4577 dicit:
329 4525 637 4595 (respiraremus
647 4535 673 4582 et
683 4529 934 4601 ipreproertntpris?
947 4541 970 4606 p
986 4524 1134 4581 homicida
1143 4530 1292 4598 astatque
1303 4526 1450 4582 homicida
1459 4531 1527 4584 anie
1537 4533 1729 4599 conspectum
1738 4527 1805 4601 justi

106 4606 172 4677 (fro.
187 4609 299 4680 xxxin.)
313 4608 454 4669 Videlicet
468 4611 537 4686 quia
559 4613 638 4672 illius
654 4615 703 4688 qui
723 4618 870 4690 praedatur
884 4636 930 4678 res
980 4613 1092 4686 1111113
1111 4614 1379 4686 11111111111-011
1405 4615 1482 4688 11111
1503 4616 1661 4689 1111111111
1689 4615 1803 4690 proximi

108 4711 271 4768 pauperum
285 4700 313 4753 at
327 4697 517 4758 ecclesiarum
532 4720 565 4760 aa
580 4721 729 4762 servarum
746 4704 807 4776 Dei,
823 4709 932 4781 praeda·
984 4702 1041 4774 sui,
1058 4701 1243 4776 iniquitatem
1258 4709 1414 4777 operatur:
1428 4704 1478 4777 qui
1490 4708 1589 4762 autem
1602 4704 1756 4778 pecuniam
1766 4702 1804 4760 rel

107 4787 157 4840 tur
170 4800 188 4840 a
202 4783 366 4854 diabolo,et
380 4789 477 4859 prada
491 4789 570 4847 illius
586 4793 627 4848 frt.
640 4793 769 4850 Audiant
780 4797 851 4868 quid
867 4814 932 4853 san·
985 4807 1031 4848 res
1045 4790 1179 4848 Ecclesiae
1197 4792 1362 4862 abstulerit,
1373 4792 1561 4866 sacrilegium
1578 4793 1660 4864 facit,
1672 4797 1701 4851 at
1715 4798 1748 4850 ut
1761 4810 1803 4849 sa-

107 4876 173 4930 ctus
188 4871 297 4930 Paulus
311 4874 462 4947 apostolus
476 4878 563 4948 dieat,
576 4896 628 4952 par
644 4899 732 4954 quam
756 4883 871 4941 locutus
887 4890 932 4942 est
984 4879 1297 4953 crilegusjudicandns
1307 4884 1361 4937 est.
1373 4883 1409 4938 llt
1419 4887 1540 4938 sanctus
1550 4881 1690 4940 Urbanus
1700 4886 1803 4955 papaet

106 4961 283 5031 Gbristnset
292 4962 342 5036 qni
354 4967 455 5037 raptus
467 4964 521 5021 fnit
529 4984 623 5040 nsque
633 4971 669 5026 ad
680 4971 800 5029 tertium
812 4973 929 5044 emtum,
984 4973 1108 5042 martyr:
1118 4969 1184 5038 Res,
1192 4969 1300 5042 inquit,
1306 4974 1334 5026 at
1350 4969 1503 5027 facultates
1515 4969 1722 5029 ecclesiasticae
1732 4969 1803 5027 obla·

106 5055 135 5109 et
149 5052 201 5124 qui
216 5055 318 5125 raptus
332 5053 387 5108 fnit
402 5052 433 5109 in
448 5057 627 5126 paradisum,
640 5063 668 5115 et
678 5061 789 5118 audivit
804 5061 875 5119 talia
889 5080 931 5119 sc·
983 5058 1078 5114 tiones
1093 5057 1289 5130 appellantur,
1300 5059 1371 5131 quia
1384 5058 1508 5115 Domino
1524 5059 1803 5129 offeruntur,etrota

106 5145 185 5198 oreta
198 5143 367 5216 verbaque
379 5161 437 5200 non
451 5143 677 5204 licebathamint
688 5149 779 5223 loqui.
792 5151 840 5208 hit
851 5170 932 5208 nam·
985 5151 1055 5203 suni
1065 5145 1206 5215 fidelium,
1215 5165 1248 5203 ac
1260 5147 1354 5219 pretia
1363 5152 1657 5222 peccatorum,atque
1672 5149 1802 5223 patrimo-

106 5247 163 5303 que
175 5231 245 5303 quia
254 5248 341 5304 acque
356 5250 477 5305 rapaces,
491 5251 578 5307 acqua
589 5237 744 5306 itamicidz’,
755 5257 840 5312 acque
851 5242 929 5299 aare
985 5235 1034 5291 nia
1045 5241 1221 5308 pauperum:
1235 5237 1258 5291 si
1271 5236 1337 5308 quis
1350 5231 1400 5292 illa
1410 5237 1549 5309 rapuerit,
1558 5255 1628 5294 reiis
1639 5244 1685 5295 est
1695 5240 1802 5295 damna·

105 5322 158 5375 teri
184 5334 298 5392 reprom
324 5322 374 5377 Dei
396 5323 573 5394 possidebant
592 5325 619 5395 (l
633 5327 693 5382 Car.
710 5328 759 5401 vr).
777 5329 858 5385 Unde
886 5330 930 5384 in·
984 5324 1073 5381 tionis
1083 5325 1240 5380 hnanicet
1251 5325 1429 5398 Saphira,et
1440 5330 1553 5398 oportet
1567 5326 1741 5400 hujusmodi
1753 5331 1801 5382 tra·

105 5410 227 5465 undant
241 5409 327 5481 qualo
345 5416 547 5485 quantumquo
570 5419 722 5486 peceatum
746 5422 791 5473 est
816 5418 928 5490 rapina,
984 5412 1051 5470 dere
1066 5415 1191 5479 Satanan,
1208 5416 1240 5468 ut
1260 5413 1382 5486 spiritus
1406 5413 1504 5472 salvus
1519 5415 1559 5472 sit
1573 5415 1604 5472 in
1620 5416 1669 5474 die
1684 5414 1799 5473 Domini.

106 5511 194 5566 quarn
210 5515 278 5553 cum
294 5498 435 5556 adulterio
454 5505 484 5558 at
504 5501 662 5559 homicidio
676 5509 797 5561 sanctus
812 5523 929 5579 compa·
983 5503 1018 5557 Et
1032 5506 1151 5558 sanatus
1172 5501 1280 5558 Lucius
1299 5520 1375 5575 papa
1390 5520 1396 5558 :
1414 5503 1534 5571 lterum,
1549 5503 1659 5578 inquit,
1676 5503 1801 5563 ecclesia·

106 5582 148 5638 vit
167 5585 333 5655 Apostolus.
354 5588 426 5645 Item
446 5590 509 5663 ipse
524 5591 613 5648 dicit:
627 5593 660 5648 St
683 5594 744 5666 quii
767 5596 926 5666 fornicator.
983 5589 1123 5648 sticarum
1138 5594 1168 5646 et
1182 5588 1355 5648 facultatum
1369 5590 1801 5664 raptarasaliminibussancte
