3810 6098
100 242 178 306 {028
492 239 683 305 lllNClltAltl
706 238 828 303 etium.
852 232 1032 302 tuentur.
1057 236 1261 302 OPUSCULA
1281 236 1412 301 ventu.
1730 224 1811 298 teet

117 376 200 434 Cir.
212 372 286 432 Vlll.
298 372 383 430 Nunc
397 377 573 430 autemeam
583 372 724 430 violenter
738 373 767 428 in
784 370 921 429 ecclesias
935 371 963 440 A
978 375 1055 439 runt,
1072 375 1101 427 et
1121 374 1316 439 servaverunt,
1334 388 1393 427 non
1416 370 1512 427 actum
1534 368 1597 442 jam
1614 367 1712 425 eileeti
1727 366 1811 424 Chri·

98 464 299 533 irruuut,cum
312 480 343 520 se
353 464 447 519 turbe
460 462 592 518 fidelium
603 461 820 534 indisciplinate
831 462 925 516 etim·
980 460 1078 526 atiani,
1095 460 1249 516 sedetiam
1273 476 1340 516 cum
1362 459 1459 517 adhuc
1473 463 1573 516 essent
1597 456 1719 531 pegeni,
1736 456 1809 514 sicut

98 556 187 629 probe
197 553 384 627 permiscent,
401 568 469 608 cum
484 549 557 624 ipsis
572 550 784 617 sacerdotibus,
796 550 853 606 nisi
866 548 925 605 illis
980 548 1165 621 apertissime
1176 549 1304 604 ostendit
1318 548 1364 603 lex
1374 548 1511 603 Antonini
1524 547 1631 620 pegeni
1650 548 1809 618 imperate·

98 642 292 717 presentibus
316 640 415 696 divine
437 639 576 712 mysteria
598 638 816 704 celebraverint,
838 638 926 694 exitia
979 635 1809 710 ris,quembeatusAugustinusquodamlrcohocmedo

97 731 326 796 comminentur,
339 728 409 801 quid
429 727 509 784 eliud
527 728 647 795 iaciunt,
664 728 720 784 nisi
741 728 819 799 quod
834 728 879 782 bis
894 743 925 784 se
979 730 1191 782 commemoret
1205 730 1233 781 et
1246 724 1552 794 commendet,dicena
1565 725 1612 793 (ed
1626 724 1745 780 Poltcet.
1758 724 1806 780 lib.

98 837 151 878 suo
166 818 264 893 gladio
274 816 457 886 confodiunt,
469 814 698 872 ecclesiasticum
711 817 924 873 contemnendo
978 832 1008 879 u,
1021 831 1045 870 c.
1057 817 1085 883 8)
1097 832 1103 870 :
1113 838 1127 863 «ι
1141 814 1252 881 Quibus
1274 812 1411 886 displicet
1425 819 1457 868 ut
1472 813 1549 868 inter
1562 813 1661 868 virum
1686 816 1717 868 et
1741 830 1808 870 uro·

93 909 253 982 judicium,
265 911 294 963 et
305 905 380 962 sacri
391 905 493 961 alteris
507 905 645 977 mysterie
659 905 847 961 temerando?
857 907 923 972 Que
979 919 1039 958 rem
1052 920 1104 975 par
1118 901 1266 975 pudicitie
1278 902 1371 957 torma
1381 905 1522 966 servetur,
1535 905 1564 956 et
1574 900 1676 973 potius
1686 900 1805 974 eligunt,

97 998 176 1054 sicut
190 995 326 1052 fidelibus
347 999 377 1050 et
397 993 560 1049 humilibus
576 1010 609 1049 ec
625 993 682 1066 piis
697 994 732 1050 ed
749 994 922 1063 remedium,
979 992 1164 1063 maximeque
1175 992 1203 1046 in
1213 991 1268 1046 hac
1276 990 1485 1056 ceuse,mundi
1499 989 1616 1062 legibus
1625 988 1738 1046 subditi
1746 1007 1807 1047 ease

97 1087 138 1143 ita
153 1084 406 1156 contemptoribus
421 1086 450 1138 et
466 1081 687 1154 impudentibus
711 1083 868 1154 proficiunt
887 1085 923 1139 ad
979 1098 1067 1154 quem
1083 1080 1202 1147 Christi,
1218 1081 1358 1152 quoniam
1379 1081 1448 1151 jure
1474 1077 1602 1134 forensia
1618 1095 1678 1134 uon
1699 1078 1807 1136 eisdem

93 1174 240 1247 judicium
255 1175 285 1228 et
298 1174 488 1228 tormentum.
505 1171 617 1236 Quibus
632 1172 720 1227 etiam
735 1169 778 1225 illi
794 1170 877 1227 stulti
895 1176 925 1227 et
978 1169 1087 1242 quibus
1107 1170 1231 1225 leminea
1255 1168 1401 1241 pudicitie
1427 1167 1549 1224 nexibus
1572 1166 1653 1223 viros
1674 1167 1806 1224 videntur

97 1261 223 1336 improbi
234 1263 304 1318 sunt
314 1258 508 1331 sociandi,qui
524 1259 560 1315 ab
571 1258 780 1316 eliiailcolesiis
792 1265 820 1316 et
830 1276 923 1316 sacer·
977 1258 1163 1331 distringere,
1177 1257 1276 1331 legant
1291 1258 1362 1330 quid
1379 1257 1538 1329 imperator
1552 1255 1735 1322 Antoninus,
1751 1273 1804 1313 uon

96 1351 215 1409 dotibus
228 1348 483 1414 excommunicati,
500 1348 530 1403 in
553 1346 619 1405 eliis
635 1353 722 1421 etque
747 1349 824 1420 apud
850 1347 922 1405 alios
978 1347 1078 1420 utique
1088 1345 1283 1412 Christianus,
1295 1346 1330 1401 de
1345 1346 1399 1401 hac
1422 1361 1452 1401 re
1468 1343 1668 1413 constituerit,
1681 1344 1732 1400 ubi
1746 1363 1804 1404 tee-

96 1438 298 1497 iraudulenter
309 1435 529 1492 communicare
539 1451 625 1508 posse
636 1437 768 1493 credunt.
780 1436 852 1493 Cum
864 1453 924 1493 om·
977 1437 1051 1493 ritus
1067 1452 1186 1493 uxorem
1210 1436 1245 1491 de
1269 1434 1405 1491 adulterii
1429 1434 1552 1489 crimine
1576 1450 1723 1490 accusare
1751 1451 1804 1490 non

96 1528 184 1585 nibus
199 1521 336 1582 fidelihu'a
351 1524 513 1581 certissime
529 1526 921 1595 menifestumesse'dcbeat,
977 1524 1095 1592 sinitur,
1117 1525 1167 1597 qui
1197 1524 1329 1580 moribus
1358 1523 1420 1579 suis
1436 1538 1492 1577 non
1509 1521 1639 1594 prebuit
1666 1522 1804 1581 castitatis

96 1616 126 1672 in
142 1615 277 1671 universo
297 1614 419 1679 mundo,
434 1618 463 1668 et
482 1612 661 1684 civitatibus,
677 1619 707 1670 ct
721 1614 848 1687 populis,
863 1631 921 1671 non
977 1612 1245 1686 exemplum‚itaut
1256 1611 1537 1678 ambodamnentur,
1547 1610 1573 1666 sl
1584 1611 1805 1683 ambospariter

95 1721 161 1762 csse
175 1703 232 1761 nisi
249 1718 338 1759 unam
353 1701 462 1758 Christi
478 1701 690 1770 ecclesiane
704 1720 798 1758 unum
813 1702 922 1758 Christi
976 1701 1141 1775 impudicos
1152 1701 1306 1758 condictus
1321 1701 1383 1773 ipse
1399 1699 1568 1756 convicerit.
1579 1700 1656 1756 Nam
1672 1700 1804 1772 supradi-

96 1792 196 1860 altare,
212 1796 350 1849 etenum
373 1789 563 1858 sacritlcium,
579 1791 658 1862 quod
674 1791 784 1864 ubique
798 1791 849 1846 eni
864 1795 922 1848 lieo
977 1792 1018 1847 cti
1031 1790 1217 1863 imperatoris
1228 1789 1288 1845 hec
1298 1790 1386 1845 verbe
1397 1793 1477 1856 sunt,
1489 1804 1554 1861 que
1570 1788 1803 1862 epudGregoria·

95 1886 125 1938 et
135 1898 195 1937 una
209 1879 348 1952 religione
362 1878 552 1935 constituitur
561 1880 727 1936 eteffertur.
737 1881 772 1936 itt
782 1880 847 1936 ideo
860 1879 923 1935 nul·
978 1897 1049 1936 num
1064 1879 1321 1952 leguntur:Sana,
1338 1877 1443 1950 inquit,
1458 1876 1563 1933 littere
1585 1893 1661 1933 mee
1681 1876 1803 1934 nullasu

53 2030 58 2040 ,
96 1971 143 2027 tus
159 1968 279 2026 omniuo
293 1971 390 2040 potest
403 1968 432 2023 in
452 1971 534 2040 perte
549 1984 614 2025 esse
638 1968 920 2036 excommunicatus,
977 1973 1059 2041 parte
1074 1985 1168 2024 ceese
1185 1966 1426 2040 prejudicehunt.
1443 1967 1542 2039 Neque
1565 1966 1647 2022 enim
1664 1966 1689 2021 si
1705 1982 1804 2040 peuces

96 2061 126 2115 et
138 2058 168 2114 in
182 2060 265 2131 parte
279 2055 500 2112 communicans
518 2070 525 2112 ε
542 2056 592 2112 sed
613 2057 691 2112 unda
706 2057 736 2113 in
752 2073 811 2112 una
825 2058 921 2114 ltccle·
976 2062 1004 2114 te
1015 2056 1102 2130 culpe
1118 2057 1173 2111 tuit
1187 2060 1220 2111 ut
1235 2055 1456 2111 matrimonium
1472 2055 1648 2123 solveretur,
1660 2059 1691 2111 et
1705 2072 1803 2111 secum

97 2146 142 2204 aia
155 2144 263 2201 meruit
277 2143 416 2218 seperari,
430 2144 460 2200 iu
473 2144 555 2201 nulle
571 2162 701 2217 prorsus,
716 2145 772 2202 nisi
789 2163 840 2218 per
856 2145 924 2218 legi·
977 2145 1281 2218 dumlegemluliem
1307 2144 1471 2217 Euphrasia
1490 2160 1563 2200 uxor
1592 2150 1646 2201 tue
1676 2146 1801 2212 nuberet,

96 2233 200 2290 timem
216 2231 457 2302 satisfactionem,
469 2232 577 2305 poterit
591 2233 695 2289 socieri
713 2252 719 2288 :
737 2234 814 2290 sicut
829 2251 921 2290 mern·
977 2239 1095 2308 propter
1109 2234 1164 2290 hoc
1179 2233 1354 2306 rescriptum
1380 2250 1479 2289 meum
1504 2232 1644 2289 adulterii
1670 2234 1803 2290 damnate

96 2323 184 2380 hrum
196 2321 232 2377 de
247 2314 310 2377 loco
325 2336 379 2376 suo
400 2321 565 2393 precisum,
578 2321 606 2376 iu
621 2321 702 2378 nulla
717 2321 841 2379 ulterius
856 2340 922 2379 cor·
977 2323 1041 2390 erit,
1054 2322 1110 2378 niai
1122 2326 1235 2379 constet
1247 2339 1312 2378 esse
1322 2323 1526 2377 commissum.
1538 2322 1700 2378 liabebunt
1710 2327 1803 2378 eutem

96 2409 176 2484 poris
186 2407 352 2483 perlevelet
363 2407 467 2481 opteri,
478 2408 534 2464 nisi
548 2414 620 2466 torte
632 2410 734 2466 divine
745 2410 860 2466 virtutis
871 2411 922 2467 mi·
977 2416 1044 2467 ente
1060 2409 1160 2467 oculos
1181 2410 1243 2466 hoc
1254 2409 1412 2483 inquirere,
1424 2428 1460 2465 en
1476 2427 1543 2465 cum
1560 2414 1592 2466 tu
1608 2411 1719 2483 pudice
1732 2411 1802 2466 rive·

96 2498 206 2568 raculc,
220 2499 298 2554 unde
313 2495 461 2553 divulsum
486 2497 581 2554 tuerat
608 2499 735 2571 potuerit
759 2501 921 2556 retormeri.
978 2517 1034 2568 rea,
1050 2498 1091 2554 illi
1103 2515 1220 2572 quoquc
1235 2498 1328 2555 bonos
1354 2515 1451 2555 morea
1466 2498 1579 2555 colendi
1596 2504 1704 2556 auctor
1716 2498 1802 2555 suisti.

96 2589 137 2646 lix
150 2587 198 2645 his
212 2585 347 2643 nonnulli
362 2591 424 2641 tem
441 2586 580 2653 immites,
592 2592 621 2643 et
632 2604 690 2644 non
705 2589 840 2644 humene
857 2590 924 2645 etle-
977 2587 1166 2660 Periniquum
1182 2586 1260 2643 enim
1276 2585 1349 2642 mihi
1365 2587 1482 2642 videtur
1496 2603 1572 2656 esec,
1585 2591 1619 2644 ut
1634 2589 1802 2660 pudicitiam

96 2674 212 2742 ationis,
228 2674 280 2730 sed
296 2672 430 2729 belluinae
455 2672 650 2731 immanitatis
675 2675 874 2746 inveniuntur,
891 2681 924 2734 ut
977 2676 1020 2733 vir
1036 2676 1071 2732 ab
1087 2693 1175 2732 uxore
1189 2675 1295 2748 exiget,
1306 2692 1396 2747 quam
1412 2675 1475 2748 ipsc
1498 2692 1558 2731 uon
1584 2675 1706 2732 exhibet
1721 2694 1729 2733 :
1744 2695 1803 2750 que

95 2763 243 2838 prioribus
269 2763 410 2818 uxoribus
437 2779 472 2819 ex
500 2763 668 2836 suspicione
692 2765 816 2821 adulteri
842 2765 924 2822 nulle
978 2782 1024 2822 rea
1039 2769 1135 2837 potest
1149 2768 1178 2820 ct
1191 2765 1287 2820 virum
1302 2765 1453 2833 damnare,
1466 2781 1523 2820 non
1539 2765 1578 2820 ob
1593 2766 1803 2838 compensatio

94 2854 168 2927 lege,
183 2850 266 2909 nulla
279 2849 402 2919 ratione,
420 2850 500 2908 nullo
512 2851 636 2924 judicio,
649 2853 712 2909 sole
723 2871 776 2910 aua
787 2854 924 2912 animosi.
979 2870 1044 2909 nem
1070 2853 1165 2909 mutui
1189 2851 1322 2908 criminis
1338 2869 1399 2908 rem
1416 2853 1493 2909 inter
1507 2857 1673 2926 utrumque
1687 2871 1802 2927 compo·

94 2946 155 3001 tate
169 2946 199 2999 ct
219 2939 391 2998 crudelitate
415 2940 530 3010 occisis,
547 2941 643 2998 edhuc
666 2943 778 2998 cruenti
804 2948 833 3000 et
855 2960 923 2999 sen·
978 2941 1110 3009 nere,vel
1126 2957 1245 2998 ceusem
1269 2940 1336 2995 tecti
1362 2940 1472 2996 tollere.
1484 2940 1515 2997 Si
1536 2941 1599 2999 hec
1625 2942 1804 3001 observanda

94 3032 183 3106 guiee
197 3031 359 3098 medentes,
376 3046 434 3086 non
451 3029 548 3086 solum
565 3029 647 3087 nulle
664 3031 834 3102 penitentia
848 3048 925 3087 com·
978 3035 1049 3087 sunt
1063 3030 1409 3102 propterdecusterrene
1425 3029 1688 3102 civitatis,queutc
1703 3031 1801 3089 castic-
1824 3087 1829 3101 ,

93 3124 273 3193 pungantur,
290 3123 341 3175 eut
361 3118 460 3193 alique
479 3118 644 3175 humilitate
668 3120 726 3176 Deo
741 3124 769 3176 et
784 3120 917 3177 Ecclesiae
934 3107 955 3174 C
974 3136 1021 3176 res
1035 3119 1138 3191 querit
1155 3116 1281 3175 celestia
1296 3116 1432 3190 patriast
1447 3117 1571 3175 societas
1587 3120 1801 3194 angelorum-t»

93 3206 287 3276 aetislecient,
295 3207 345 3264 aed
354 3206 535 3264 exsultantes
544 3207 574 3262 in
585 3207 813 3280 superbiissuis‚
821 3208 923 3265 incuu-
975 3210 1041 3266 Hec
1051 3209 1086 3264 de
1101 3205 1215 3281 legibus
1225 3206 1330 3279 pegeni
1346 3205 1531 3279 imperatoria
1543 3208 1688 3265 Antonini
1704 3210 1801 3267 heatus

94 3301 209 3355 cteuter
222 3297 259 3352 ed
274 3295 365 3353 altare
380 3295 497 3351 Domini
515 3297 665 3364 accedent,
678 3301 706 3352 et
725 3297 923 3353 iuditierenter
974 3296 1158 3371 Augustinus
1169 3294 1280 3351 scribit.
1289 3296 1320 3351 ln
1331 3294 1404 3351 libro
1414 3295 1518 3352 Esther
1528 3296 1690 3355 manifeste
1700 3298 1801 3374 legitur

95 3400 179 3442 sacra
193 3383 331 3457 mysteria
341 3383 510 3454 contingere
521 3389 709 3456 presumunt.
721 3385 794 3440 Cum
805 3384 922 3442 etiamsi
976 3391 1045 3458 (cop.
1059 3387 1096 3453 t).
1107 3384 1193 3440 Veste
1221 3399 1339 3439 uxorem
1365 3383 1564 3455 potentissimi
1580 3389 1611 3440 st
1631 3385 1799 3443 ferocissimi

94 3472 150 3529 ille
177 3470 348 3528 miserrime
377 3470 555 3528 muliercule
580 3472 721 3529 veraciter
744 3473 922 3531 adulterium
976 3475 1053 3549 regis
1069 3471 1196 3538 Assueri,
1210 3489 1278 3528 cum
1293 3473 1358 3544 ejus
1373 3472 1487 3529 enimes
1503 3476 1680 3547 contemptu
1694 3479 1725 3532 et
1738 3492 1799 3532 eon·

94 3558 333 3634 perpetraverint,
346 3562 377 3615 et
390 3559 426 3615 ob
443 3558 498 3615 hoc
508 3561 590 3632 juste
604 3560 714 3632 punite
728 3577 793 3617 esse
807 3561 923 3618 videan.
976 3563 1106 3622 tumacie
1115 3560 1295 3629 offendisset,
1307 3578 1494 3634 nequequam
1506 3561 1571 3618 sola
1582 3561 1668 3619 itlius
1678 3562 1801 3638 indigne

93 3652 151 3717 tur,
162 3652 262 3705 emen
276 3646 322 3703 lex
337 3646 399 3715 Dei,
411 3663 446 3703 ex
459 3663 519 3719 que
529 3647 626 3703 omnia
637 3647 823 3705 Christianus
833 3649 862 3704 in
876 3649 923 3705 dia
976 3652 1054 3708 tione
1069 3655 1098 3706 ct
1113 3650 1209 3706 surore
1223 3666 1258 3705 ex
1272 3648 1386 3722 imperii
1401 3650 1511 3706 honore
1520 3648 1691 3722 depositam
1710 3651 1800 3716 tuisse,

88 3736 195 3809 ludicii
206 3735 390 3808 Judicabitur
404 3739 437 3792 ut
451 3734 573 3806 recipiat
582 3737 744 3792 secundum
757 3753 845 3808 opere
857 3754 922 3809 aue,
977 3739 1027 3796 aed
1039 3738 1157 3811 publico
1164 3737 1325 3810 judicio,ct
1335 3738 1481 3794 sententia
1496 3739 1680 3812 principum,
1695 3757 1731 3796 ec
1734 3739 1802 3812 judi

93 3824 209 3882 nullum
225 3840 319 3887 reum,
331 3840 385 3879 nec
396 3823 477 3895 ipsos
489 3822 638 3880 adulteros
649 3824 693 3880 vel
709 3824 858 3882 adulteras
873 3842 924 3897 pu·
976 3845 1043 3885 cum
1056 3829 1207 3884 Medorum
1224 3832 1313 3899 atque
1329 3827 1493 3883 Persarum.
1507 3828 1551 3884 lte
1563 3845 1633 3884 cum
1650 3837 1750 3886 essent
1762 3846 1802 3902 pe·

93 3911 150 3967 niri
166 3910 317 3984 permittit,
334 3911 391 3967 nisi
408 3911 463 3967 sub
478 3910 620 3984 legitimis
632 3913 786 3984 judicibus
801 3917 830 3968 et
844 3914 922 3969 testi·
976 3917 1044 3991 gani
1067 3921 1096 3972 ct
1121 3914 1265 3971 idolorum
1287 3913 1423 3983 cultores,
1442 3915 1620 3972 naturaliter
1641 3934 1708 3989 que
1737 3916 1800 3989 legia

94 4001 160 4069 bus,
172 4016 246 4073 ques
260 3999 347 4057 ctiam
365 3999 482 4072 publico
504 4000 618 4071 judicio
633 4018 650 4057 e
666 4001 774 4074 populo
799 4000 923 4074 lepidari
976 4009 1046 4062 suut
1061 4004 1210 4069 iacientes,
1222 4002 1310 4059 etiem
1326 4002 1355 4058 in
1371 4002 1469 4060 causis
1484 4005 1661 4076 conjugum,
1673 4022 1732 4061 non
1745 4022 1800 4061 cru·

94 4087 922 4162 precipit.UndeetadmirabilisilleSusenna,cumtelae
976 4094 1127 4150 delitatcm
1143 4097 1171 4149 et
1186 4090 1337 4160 sevitiam,
1354 4092 1405 4147 aed
1424 4091 1575 4163 justitium
1591 4098 1622 4149 et
1638 4095 1800 4166 equitatem

92 4176 229 4235 adulterii
253 4176 376 4232 crimine
398 4181 595 4246 accusaretur,
616 4182 645 4234 et
669 4177 786 4252 publico
808 4178 922 4251 judicio
976 4183 1130 4239 decernere
1146 4197 1179 4236 ec
1195 4178 1316 4236 definire
1330 4180 1434 4236 debere
1450 4181 1627 4237 docuerunt.

93 4267 298 4333 condemnate,
313 4268 344 4321 et
358 4265 476 4338 publico
490 4265 600 4339 legitur
620 4266 920 4339 absolutattloe.13).
1011 4276 1078 4326 Cir.
1095 4269 1128 4326 X.
1140 4272 1222 4325 Certe
1236 4266 1335 4323 divine
1350 4267 1394 4324 lex
1410 4268 1498 4325 etiem
1515 4270 1592 4325 inter
1607 4270 1765 4327 dominum
1777 4275 1800 4326 et

92 4354 188 4411 titillo
198 4353 346 4411 mulierin
357 4355 523 4428 Evangelio,
536 4372 600 4428 que
612 4357 754 4412 veraciter
768 4357 798 4411 in
813 4355 924 4412 adulte·
976 4375 1092 4416 servum
1107 4358 1166 4414 sive
1177 4357 1324 4424 ancillam,
1332 4356 1481 4428 justitiam
1493 4363 1522 4414 ct
1531 4357 1684 4430 judicium
1695 4377 1800 4417 conse

94 4442 575 4516 riotueretdeprehenae‚primum
583 4443 923 4517 juxtalegemadl’hari-
938 4471 961 4537 D
976 4449 1037 4505 vari
1062 4447 1221 4519 precepit:
1238 4450 1267 4502 et
1286 4463 1353 4502 cum
1377 4444 1526 4518 precipiat
1551 4446 1671 4520 publico
1696 4447 1799 4519 judicic

95 4531 237 4602 seos,qui
252 4535 427 4603 potestatem
438 4532 544 4603 judieii
564 4532 595 4589 in
611 4532 718 4606 popuio
738 4534 920 4600 exercebant,
976 4537 1077 4595 talioni
1093 4554 1152 4594 sue
1168 4534 1287 4592 oculum
1302 4552 1354 4607 pre
1370 4534 1464 4603 oculo,
1479 4541 1509 4592 et
1523 4537 1646 4593 dentem
1660 4555 1715 4610 pro
1726 4539 1801 4595 dente

95 4616 199 4674 deinde
213 4617 303 4674 etiem
317 4619 449 4676 tentandi
469 4619 563 4693 gretia
578 4620 615 4677 ed
636 4620 751 4677 Domini
772 4622 920 4692 judicium
975 4625 1089 4682 restitui
1107 4643 1113 4681 z
1129 4629 1228 4680 tamen
1244 4623 1268 4679 si
1285 4623 1353 4696 quis
1374 4622 1514 4680 deminus
1535 4641 1620 4682 servo
1635 4624 1684 4683 vel
1698 4624 1800 4682 ancille

95 4705 235 4778 perducta
245 4706 357 4774 sst,ubi
367 4708 432 4778 ejus
442 4707 609 4765 admirabili
619 4708 735 4780 pietate,
747 4715 776 4766 et
785 4727 803 4766 a
812 4710 921 4783 lepida·
975 4732 1034 4771 sue
1048 4714 1161 4787 private
1173 4712 1375 4786 indignatione
1385 4717 1413 4769 at
1423 4712 1520 4770 surore
1529 4712 1574 4770 vel
1590 4713 1716 4771 oculum
1730 4731 1800 4772 erue

95 4792 183 4850 tionis
194 4792 349 4865 supplicio,
361 4799 417 4851 ete
430 4795 564 4853 criminis
578 4802 660 4854 reatu
675 4799 783 4854 meruit
802 4797 920 4855 libereri
975 4806 1028 4868 ret,
1034 4803 1079 4859 vel
1090 4804 1207 4859 dentem
1223 4806 1381 4871 excuteret,
1392 4801 1491 4858 stetim
1503 4819 1572 4860 eum
1583 4803 1725 4876 ejusdcm
1735 4803 1800 4860 serti

95 4885 182 4954 (toea.
199 4881 272 4954 vvir).
288 4881 324 4938 Et
347 4882 377 4938 in
401 4882 476 4940 libro
500 4884 621 4942 Numeri
645 4886 821 4959 precipitur,
839 4893 872 4943 ut
894 4889 920 4944 ai
973 4891 1017 4948 vel
1033 4890 1144 4948 ancille
1161 4890 1320 4948 amissione
1334 4891 1505 4947 damnabat.
1522 4892 1567 4948 lta
1587 4909 1723 4966 nemque
1738 4891 1799 4950 scri·

95 4991 153 5046 que
167 4969 273 5028 mulier
292 4970 334 5027 vel
360 4970 496 5028 adulterii
511 4989 569 5042 ree,
584 4974 629 5030 vel
654 4975 728 5031 false
751 4975 919 5048 suspicione
975 4985 1058 5053 ptum
1073 4984 1118 5036 est
1129 4997 1135 5035 :
1147 4980 1179 5035 Si
1190 4981 1354 5052 permiserit
1368 4981 1507 5051 qetcpiem
1527 4981 1641 5040 oetam
1662 4972 1799 5047 emicui,

96 5060 183 5118 therit
212 5058 351 5132 appetita,
379 5065 408 5116 et
436 5061 480 5116 vir
507 5063 571 5134 ejus
597 5063 657 5121 zelo
686 5065 826 5120 adversus
855 5082 919 5121 eam
975 5077 1023 5125 eet
1041 5069 1163 5135 ancille,
1174 5076 1200 5123 et
1214 5070 1301 5124 luscos
1314 5085 1358 5126 eea
1371 5070 1477 5141 feerit,
1488 5069 1608 5126 dimittet
1634 5071 1738 5128 liberes
1758 5083 1799 5142 pto

95 5149 266 5218 concitetur,
289 5149 416 5205 edducat
440 5149 521 5206 illam
546 5151 583 5207 ed
607 5153 799 5220 sacerdotem,
824 5159 853 5209 et
876 5154 921 5209 di·
974 5159 1052 5213 oculo
1067 5173 1146 5229 quem
1159 5157 1232 5212 'eruit
1246 5176 1256 5222 ;
1271 5156 1377 5212 eoem
1391 5173 1496 5228 quoquc
1513 5159 1540 5212 ai
1560 5161 1717 5215 excusserit
1732 5172 1799 5215 serve

95 5237 161 5294 vino
172 5236 286 5309 judicio
297 5235 341 5292 vel
352 5238 549 5295 damnandam
560 5241 671 5308 offeret,
682 5240 725 5296 vel
737 5241 921 5299 liberandam
973 5247 1015 5302 vel
1031 5246 1143 5301 encilte
1165 5259 1235 5309 cere,
1251 5245 1357 5299 similer
1380 5244 1499 5300 dimittet
1521 5261 1566 5300 eos
1591 5247 1696 5304 liberes
1710 5242 1797 5318 (tend

96 5327 188 5399 (Nem.
204 5327 244 5394 vl.
973 5352 1031 5400 xxi,
1044 5335 1101 5401 ee).
1113 5332 1214 5388 Noluit
1229 5330 1328 5402 itaque
1352 5334 1381 5387 et
1406 5331 1576 5403 equissimo
1591 5338 1622 5388 et
1642 5334 1797 5391 misericor·

132 5414 200 5470 Car.
222 5413 267 5469 tx.
288 5415 368 5482 Quod
393 5417 481 5473 etiem
507 5416 620 5488 antiqui
642 5417 765 5472 Romani
790 5417 920 5490 legitimo
974 5422 1098 5479 dissime
1113 5421 1159 5476 lex
1174 5419 1235 5490 Dei,
1248 5436 1342 5490 neque
1356 5418 1429 5492 ipsis
1445 5418 1579 5478 serviaet
1591 5421 1798 5479 ancilliaedc·

97 5500 232 5574 conjugio
244 5502 306 5559 fieri
317 5505 432 5570 dehere,
443 5505 555 5578 legibus
567 5506 629 5561 suis
639 5504 804 5576 antiquitus
815 5512 921 5565 statue·
975 5511 1063 5567 minis
1074 5510 1136 5567 suis
1149 5509 1259 5580 absque
1271 5508 1383 5578 judicio
1397 5508 1511 5581 aliquas
1525 5510 1696 5568 debilitates
1707 5511 1749 5569 vel
1759 5509 1799 5565 de·
