3824 6096
68 281 127 344 265
429 283 481 344 nt
502 236 879 342 bRAEDESTlNATIONFl
900 277 1162 341 nisseerarto
1184 281 1415 346 Posrettten.
1711 280 1771 347 aee

69 412 240 486 permisit.»
252 413 323 470 ltem
349 414 379 469 iu
403 413 478 470 libro
492 418 665 485 xxx111(cap.
682 412 726 485 10)
738 428 763 466 z«
779 411 891 484 Ubique
905 411 934 480 A
949 414 1008 467 tate
1022 416 1051 468 et
1067 413 1219 485 majestate
1233 413 1323 470 visuri
1346 418 1425 482 sunt,
1439 432 1526 486 quem
1554 416 1584 472 in
1604 417 1772 475 humilitate

69 501 152 558 uobis
167 502 296 558 occurrit
310 503 606 575 superna¹medicine,
622 501 691 574 quia
706 505 734 558 et
750 501 830 556 dedit
845 500 893 556 bo·
947 502 1074 573 pesitum
1096 502 1197 557 audire
1219 502 1386 569 noluerunt,
1403 509 1436 558 ut
1450 503 1589 560 virtutem
1610 507 1674 576 ejus
1688 511 1771 566 tanto

70 590 354 663 minim-ecepimus
368 596 526 663 peccettet
542 597 639 648 tainen
661 591 791 663 peccanti
813 588 894 645 dedit
946 595 1018 646 tunc
1041 591 1203 648 districtius
1231 592 1494 665 sentiant‚quanto
1523 609 1601 648 niune
1631 595 1770 652 cervicem

69 678 208 747 remedia,
223 694 260 736 ne
274 681 419 754 desperet.
434 680 515 737 Unde
530 681 691 736 carendum
707 694 893 750 summopere
946 679 1043 735 cordis
1059 681 1124 751 ejus
1139 679 1311 752 patientiam
1327 681 1505 737 inclinant»

68 772 165 834 estne
174 767 243 841 quie
252 768 446 826 delectatione
457 768 566 842 peccati
579 769 735 825 Leviathan
746 768 833 823 istius
843 782 892 823 ore
982 768 1017 823 llt
1026 768 1198 825 venerabilis
1209 770 1362 843 presbyter
1371 770 1449 825 Beda
1459 769 1488 824 in
1502 772 1629 825 tractatu
1644 771 1770 828 Aetuum

68 856 208 929 rapiatur,
220 861 249 913 et
268 863 367 913 tumen
384 858 408 913 si
425 863 527 931 raptus
552 858 640 914 fuerit
663 874 721 912 uon
746 858 891 929 desperet,
947 856 1146 929 apostolorum
1159 876 1185 913 :«
1197 858 1262 931 Ipse
1273 859 1374 915 Petrus
1389 858 1431 914 sic
1446 857 1590 915 intellexit
1603 874 1707 914 omnes
1721 859 1772 916 ho·

68 945 174 1018 quiesi
189 951 345 1019 peecatum
355 946 707 1021 perfeetelugeat,adbuc
720 947 850 1002 toramen
861 944 891 1000 in
947 946 1042 1002 mines
1057 946 1208 1019 equaliter
1228 948 1264 1003 ad
1279 947 1384 1003 Christi
1401 945 1590 1021 Evangelium
1609 946 1769 1020 provocari,

69 1033 186 1091 maxilla
199 1036 266 1107 ejus
278 1034 390 1092 invenit
403 1053 454 1108 per
463 1037 541 1108 qued
552 1038 665 1092 evadet.
674 1035 741 1092 Jam
754 1033 892 1091 dentibus
947 1036 1120 1108 nullumque
1135 1037 1297 1093 secundom
1318 1041 1455 1093 naturam
1475 1052 1539 1093 esse
1557 1036 1702 1109 polutum.
1711 1059 1725 1087 »
1735 1031 1772 1095 et

68 1123 193 1181 teritur:
210 1124 262 1181 sed
290 1124 438 1193 adhaesi
462 1123 603 1182 evadendi
621 1124 669 1180 via
696 1123 892 1196 quantumin
946 1124 1017 1181 item
1034 1141 1069 1181 :e
1085 1126 1269 1182 lracroesatam
1291 1134 1331 1182 est
1352 1128 1427 1182 caim
1449 1142 1496 1182 ror
1516 1127 1614 1198 papali
1637 1126 1729 1199 tejas,
1746 1133 1773 1184 et

67 1211 186 1269 maxilla
196 1214 261 1285 ejus
271 1214 402 1270 foramen
417 1213 575 1270 invenitur.
589 1213 777 1270 liubetetiam
789 1215 892 1284 ceptus
944 1214 1063 1270 cambas
1077 1216 1196 1285 praeter
1210 1214 1358 1271 audierant
1373 1215 1439 1287 (Act.
1450 1230 1548 1280 xxvru,
1563 1216 1619 1283 27).
1636 1214 1677 1271 Ne
1691 1219 1773 1287 pute·

67 1316 122 1374 qno
136 1307 233 1370 exeat,
250 1302 300 1376 qui
323 1302 479 1375 previdere
493 1302 619 1359 noluerit
641 1319 678 1358 ne
702 1304 863 1375 caperetur.
877 1320 892 1351 s
946 1319 1014 1358 mus
1033 1302 1259 1359 erassitudinem
1279 1303 1384 1370 cordis,
1402 1308 1430 1358 et
1449 1302 1621 1375 gravitatem
1642 1305 1770 1372 aurium,

67 1391 183 1463 etpost
207 1389 360 1465 paululum
375 1392 445 1464 (cap.
456 1391 559 1463 cedern)
571 1409 598 1446 t«
608 1391 794 1447 Misericordia
817 1392 893 1446 caim
946 1395 1056 1446 nature
1072 1407 1137 1447 esse
1159 1408 1217 1447 non
1237 1390 1406 1459 voluntatis,
1423 1392 1577 1464 subjungit
1592 1391 1708 1464 culpam
1724 1394 1770 1448 ar‘·

66 1488 91 1536 et
101 1481 147 1536 ire
166 1479 205 1536 ab
228 1481 288 1538 itte.
303 1479 408 1536 Divina
435 1480 535 1553 itaque
563 1479 717 1537 clementia
741 1478 891 1535 maxillam
946 1478 1026 1536 bitrii
1041 1484 1070 1536 et
1084 1480 1172 1536 dicit:
1190 1481 1224 1536 Et
1235 1481 1326 1537 acatos
1340 1494 1404 1536 raca
1416 1487 1640 1553 cernpresseruat,
1653 1497 1690 1537 ne
1702 1483 1773 1552 sorte

66 1566 228 1625 Vehemoth
243 1567 329 1625 istius
344 1568 506 1641 perforans,
521 1569 631 1641 ubique
648 1568 778 1624 humano
792 1566 892 1640 generi
945 1568 1055 1625 uideant
1082 1569 1179 1625 acala.
1197 1569 1227 1624 ld
1248 1573 1302 1637 est,
1319 1567 1375 1641 ipsi
1404 1567 1517 1625 meritis
1545 1569 1772 1641 procedentibus

66 1661 92 1714 et
105 1655 338 1714 misericorditer
350 1661 380 1713 et
393 1662 528 1730 potenter
542 1657 684 1725 occurrit;
703 1657 773 1729 quia
787 1672 841 1712 nec
856 1655 891 1712 li·
946 1673 1036 1714 causa
1056 1658 1184 1723 luerunt,
1202 1662 1234 1713 ut
1256 1657 1334 1714 Deus
1363 1657 1406 1714 eis
1430 1657 1530 1714 oculos
1544 1656 1702 1715 clauderet.
1718 1656 1770 1715 Vel

66 1746 132 1802 bero
156 1744 389 1803 admonitionem
413 1745 593 1819 precavendi
612 1746 714 1812 tacuit,
730 1761 783 1801 nec
806 1749 892 1817 copto
945 1747 981 1803 ad
1006 1746 1159 1819 superiora
1182 1747 1368 1820 jungendum
1384 1750 1438 1812 est,
1455 1744 1568 1802 dicente
1589 1745 1714 1803 Domino
1733 1746 1770 1802 ad

65 1834 231 1891 temedium
247 1832 378 1906 fugiendi
393 1833 566 1891 subtraxit.»
583 1835 656 1890 Item
671 1835 701 1889 in
715 1833 790 1889 libro
804 1851 892 1889 xxxin
946 1835 1119 1907 prophetam
1135 1852 1142 1891 :
1159 1835 1238 1891 Vade
1254 1835 1290 1890 ad
1309 1833 1451 1907 populum
1479 1834 1580 1906 istum,
1595 1839 1625 1891 et
1653 1838 1772 1908 peecata

65 1926 132 1997 imp.
148 1923 245 1993 ἳθὶιο
261 1924 303 1979 Ad
319 1924 499 1996 parcendum
520 1924 651 1995 reprobis
676 1923 757 1980 nulle
780 1923 892 1979 ratione
946 1924 1054 1997 quibus
1080 1924 1238 1981 cecitatem
1268 1928 1439 1981 meruerunt
1467 1923 1525 1981 illis
1554 1924 1730 1996 impropera,
1745 1919 1770 1979 ei

66 2011 236 2087 compellar,
251 2012 322 2085 quie
344 2011 388 2069 eis
416 2012 530 2068 debitor
557 2028 593 2067 ex
616 2029 671 2068 sua
695 2012 809 2068 actione
833 2027 891 2067 uon
946 2014 1020 2068 torte
1035 2011 1078 2067 vel
1095 2011 1137 2067 sic
1152 2010 1255 2067 audire
1269 2016 1298 2066 et
1312 2012 1348 2067 ed
1370 2028 1417 2066 me
1431 2010 1560 2067 converti
1575 2009 1743 2083 dignentur.
1755 2028 1771 2058 a

65 2106 175 2158 eaeor.
192 2100 303 2158 ldcireo
327 2100 406 2157 euim
432 2104 503 2157 tuac
531 2102 604 2158 201
633 2117 819 2173 nequaquam
835 2117 892 2156 cece
945 2103 980 2158 Et
995 2102 1064 2158 item
1080 2101 1157 2156 idem
1175 2100 1204 2155 in
1225 2100 1403 2172 expositione
1425 2098 1572 2172 Evangelii
1587 2097 1771 2172 evangelista

67 2189 147 2246 lestis
174 2188 278 2262 petria
313 2189 432 2261 premia
469 2192 577 2244 eterne
612 2187 795 2261 percipiunt,
823 2187 892 2260 quie
946 2189 1035 2246 Marci
1046 2191 1106 2259 (tit.
1119 2207 1139 2257 1,
1150 2205 1174 2244 c.
1185 2189 1213 2260 3)
1225 2205 1249 2244 :a
1267 2188 1321 2256 Qui
1341 2204 1410 2259 ergo
1429 2190 1584 2244 manil'este
1603 2186 1772 2260 intelligens

67 2295 99 2334 ee
111 2293 193 2334 nune
202 2277 276 2334 dum
292 2277 449 2351 promereri
467 2282 602 2350 poterent
615 2294 650 2332 ox
666 2277 757 2333 libero
771 2276 891 2333 arbitrio
946 2295 1033 2349 opera
1043 2278 1180 2344 Dei,eum
1197 2278 1233 2332 ‹le
1243 2277 1348 2332 virtute
1362 2294 1468 2350 negare
1478 2294 1536 2333 non
1553 2276 1770 2350 poenitendam

68 2369 348 2440 contempserunt.»
371 2367 407 2423 et
427 2366 498 2422 item
523 2368 592 2439 terp.
614 2366 718 2435 eodem)
734 2384 740 2423 :
754 2388 767 2416 o
789 2367 891 2422 Levia·
946 2367 1022 2424 202
1037 2365 1209 2422 stimulatus
1232 2365 1340 2421 invidia
1354 2366 1551 2421 calumniatur
1565 2369 1594 2421 et
1609 2364 1771 2433 Christum,

67 2455 136 2512 than
162 2455 221 2511 iste
247 2454 460 2512 beatitudinem
480 2455 600 2528 quidem
628 2472 725 2511 meam
752 2456 890 2527 perdidit,
944 2455 1054 2528 Dcique
1072 2455 1249 2522 Verbum,et
1263 2471 1351 2527 opera
1365 2455 1493 2527 Spiritus
1511 2455 1604 2511 sancti
1620 2454 1692 2510 dicit
1706 2467 1773 2510 esse

67 2544 115 2600 sed
130 2541 287 2600 dominum
305 2559 364 2600 uon
388 2544 494 2612 evasit;
511 2545 582 2616 quia
604 2547 633 2600 et
655 2544 726 2616 ipse
750 2544 821 2600 mibi
839 2562 889 2617 po·
945 2544 1115 2612 Beelzebub,
1127 2543 1177 2600 isti
1192 2560 1250 2599 non
1262 2543 1426 2599 dimittetur
1436 2560 1530 2617 neque
1544 2545 1573 2599 in
1587 2544 1642 2599 beo
1652 2541 1770 2609 seculo,

69 2636 186 2689 testetes
213 2630 468 2706 incenduntque
496 2633 569 2688 mihi
599 2634 696 2706 pravis
724 2634 894 2690 actionibus
945 2632 1084 2705 usquein
1100 2632 1281 2688 tritureNon
1298 2632 1378 2704 quod
1394 2628 1771 2703 negemaeetei,sipoeni·

65 2721 266 2777 adversmtur.
283 2741 299 2770 a
315 2720 389 2777 ltem
412 2720 442 2776 in
468 2721 570 2778 eodem
585 2722 654 2795 (cap.
670 2726 748 2792 xxiv)
764 2741 770 2778 :
785 2744 799 2773 «
814 2724 889 2779 Dum
944 2721 1067 2778 tentiam
1083 2738 1168 2793 agere
1180 2719 1312 2786 veluerit,
1325 2734 1412 2792 posse
1426 2719 1535 2775 dimitti
1550 2719 1586 2776 ab
1601 2735 1634 2775 eo
1645 2717 1774 2791 quivult·

66 2824 132 2882 ergo
144 2808 190 2866 eie
203 2809 350 2867 murinus
366 2809 459 2866 vicem
483 2809 628 2866 malorum
644 2827 765 2884 operum
788 2814 890 2868 redde·
944 2826 1047 2867 omncs
1062 2809 1196 2865 hemines
1207 2807 1302 2864 salvos
1313 2806 1463 2874 fieri,etiu
1477 2808 1657 2879 agnitionem
1667 2806 1772 2864 veritas·

66 2901 119 2965 ret,
130 2898 214 2955 dedit
225 2897 288 2954 illis
307 2903 425 2956 sautum
442 2899 538 2956 cordis
558 2899 686 2956 laborem
702 2917 788 2956 suum
802 2918 809 2956 ι
821 2901 895 2974 quia·
944 2899 982 2956 tis
996 2898 1094 2954 venire
1110 2914 1117 2953 :
1133 2897 1184 2952 aed
1200 2896 1278 2967 quod
1300 2894 1355 2967 ipsi
1373 2895 1466 2966 judici
1481 2899 1510 2950 et
1528 2895 1659 2968 largitori
1679 2895 1771 2951 venie

66 2992 145 3043 recto
166 2985 283 3059 judicio
305 2987 375 3044 inde
396 2986 463 3044 illos
486 2992 588 3044 contra
601 3006 632 3046 se
648 2989 773 3061 superbe
803 2990 891 3046 obsti·
944 2983 1770 3058 eredentes,quietscpoenitentiamsempareceepturum,

67 3075 143 3131 ntis
155 3075 302 3144 exhibuit,
317 3076 472 3148 uudeipee
493 3094 545 3149 pro
561 3077 645 3133 nobie
666 3077 696 3132 in
719 3077 892 3134 infirmitate
945 3080 974 3133 et
988 3076 1064 3131 hauc
1073 3071 1288 3146 blasphemiam
1301 3089 1452 3146 nunquam
1466 3072 1536 3128 dicit
1546 3087 1610 3128 esse
1620 3072 1771 3128 remitten-

66 3161 219 3221 laboravit.
231 3163 414 3239 Repulerunt
428 3164 537 3238 quippe
551 3183 568 3222 e
582 3183 614 3222 se
627 3166 715 3222 verba
729 3166 889 3240 predican·
905 3144 927 3211 G
945 3168 1024 3230 dam,
1036 3163 1190 3220 credemus
1200 3162 1280 3217 hunc
1290 3161 1506 3234 blasphemum,
1518 3158 1702 3235 exigentibus
1713 3175 1772 3217 me·

66 3251 153 3321 bum,
166 3252 240 3325 quia
254 3253 404 3327 dedignati
418 3258 489 3310 eunt
506 3253 537 3309 in
552 3253 676 3310 Domino
691 3255 809 3312 infirma
823 3271 893 3327 pas·
946 3254 1022 3323 ritis,
1041 3253 1118 3309 sicut
1142 3266 1304 3322 nunquam,
1319 3251 1357 3305 ad
1380 3249 1593 3318 remissionem,
1608 3249 1651 3306 ita
1665 3266 1717 3306 uec
1733 3249 1770 3305 ad

65 3341 195 3399 sionem.
207 3363 224 3393 a
234 3341 308 3399 item
322 3342 353 3399 iu
366 3341 442 3399 libro
456 3359 542 3399 xxxiv
552 3344 622 3416 (cap.
635 3342 679 3417 lo)
690 3361 697 3399 :
709 3344 766 3401 Non
788 3345 896 3416 suescit
946 3343 1027 3415 ipsos
1040 3341 1145 3414 dignos
1160 3338 1335 3412 paenitentia
1351 3340 1464 3395 tructus
1474 3355 1538 3396 esse
1550 3343 1772 3411 perventurum.

65 3446 128 3485 mm
141 3432 370 3503 dracomaria.
381 3430 464 3488 Unde
478 3430 551 3487 bene
566 3434 693 3504 peccatis
708 3433 895 3506 precedenti-¹
946 3432 1035 3489 Juxta
1049 3430 1104 3486 hoc
1118 3429 1195 3501 quod
1207 3429 1336 3484 loannes
1350 3427 1528 3501 evangeliste
1542 3428 1578 3485 de
1591 3427 1771 3500 quibusdam

67 3518 123 3574 bus
136 3517 270 3576 nuens
282 3519 438 3589 Dominus,
449 3519 626 3592 dabisquos
637 3521 666 3576 in
679 3538 767 3577 manu
779 3521 892 3594 antiqui
947 3518 1137 3592 blasphemie
1151 3535 1211 3574 aute
1228 3516 1332 3573 merito
1343 3517 1492 3573 excaecatis
1501 3517 1688 3573 veracissime
1703 3517 1773 3573 scri·

65 3605 351 3681 hestisdeeer'it,per
360 3607 534 3681 pmpbetam
545 3609 649 3665 dicit:«
662 3610 807 3666 immitam
820 3610 894 3667 cotia
948 3610 1028 3683 psit:
1050 3610 1196 3680 Propterea
1222 3624 1278 3663 noa
1303 3615 1452 3679 patrarant
1475 3607 1584 3663 credere
1609 3610 1703 3675 (loa-o.
1719 3623 1770 3675 xrs,

64 3702 203 3769 arpenta
226 3696 351 3769 repetas,
376 3697 475 3769 quittae
502 3714 558 3754 aaa
584 3706 624 3753 cst
651 3700 800 3755 incantatio
827 3701 892 3772 (ter.
947 3700 992 3769 39,
1008 3701 1064 3768 itt),
1080 3698 1150 3770 quia
1170 3697 1277 3752 iterum
1293 3697 1365 3752 dixit
1384 3696 1474 3752 isaias
1491 3713 1498 3752 ε
1515 3692 1668 3754 Emeterii
1681 3696 1776 3752 oeatm

65 3800 133 3849 stu,
146 3784 203 3857 17).
217 3785 260 3841 Aa
278 3784 304 3841 si
327 3783 437 3841 diceret
452 3801 459 3839 ε
475 3785 491 3841 J
496 3789 561 3840 usto
580 3785 694 3855 judicie
720 3785 828 3841 talibus
839 3798 893 3842 vos
947 3805 1051 3853 maara,
1061 3795 1087 3843 et
1101 3786 1244 3842 iadaraait
1263 3802 1309 3842 cor
1323 3802 1427 3853 earam,
1439 3795 1469 3841 at
1482 3802 1538 3842 aaa
1552 3786 1661 3843 uideant
1673 3785 1773 3855 oculu,

66 3872 230 3930 immundis
260 3872 416 3945 spiritibus
441 3874 567 3941 tradam,
579 3872 630 3946 qui
650 3891 668 3929 a
689 3873 772 3930 vobis
798 3873 894 3931 excuti
948 3886 973 3933 et
987 3877 1144 3948 iatcttiqaat
1161 3875 1251 3945 corde,
1265 3883 1291 3931 et
1312 3883 1504 3931 cmccrtantar
1526 3884 1552 3932 et
1571 3892 1666 3932 scaea
1689 3890 1770 3931 eoae

65 3958 269 4018 exhortatione
278 3959 603 4034 predicantium,quasi
615 3961 829 4018 incantantium
838 3981 896 4020 ser
948 3967 983 4022 Et
998 3967 1067 4021 item
1082 3967 1124 4034 (ia
1144 3964 1264 4020 llaream
1284 3964 1333 4020 lib.
1350 3981 1369 4030 1,
1386 3980 1410 4019 c.
1427 3964 1472 4036 t):
1488 3986 1498 4013 a
1517 3964 1550 4019 lli
1572 3970 1670 4021 autem
1691 3968 1772 4033 sunt,

67 4065 167 4116 mone,
176 4066 236 4105 nou
250 4048 395 4106 valeant.»
407 4050 442 4107 et
452 4055 518 4123 poet
527 4050 681 4123 paululum
693 4056 763 4124 (cap.
775 4052 893 4125 cedernlt
948 4055 1000 4127 qui
1014 4055 1091 4110 eirca
1102 4053 1178 4108 viam
1194 4053 1245 4107 ubi
1267 4052 1430 4108 seminatur
1443 4053 1575 4122 verbum,
1592 4058 1621 4109 et
1635 4070 1702 4109 cum
1718 4071 1774 4110 ou-

67 4163 82 4187 κ
104 4137 161 4194 Sed
190 4138 263 4211 quid
291 4137 401 4194 mirum
429 4137 455 4196 ei
483 4138 630 4195 humanae
655 4140 732 4196 vires
759 4141 893 4213 despicit,
949 4143 1057 4199 dierint
1072 4142 1226 4198 confestim
1245 4140 1324 4196 venit
1342 4141 1476 4209 Satanas,
1493 4145 1522 4197 et
1538 4142 1634 4197 aufert
1651 4142 1773 4199 verbum

67 4225 121 4300 qui
150 4225 217 4301 ipsa
234 4226 552 4299 etiamsuperuiiuse
576 4228 682 4299 judicii
711 4233 896 4286 aeternntor·
949 4233 1029 4305 quod
1044 4230 1221 4287 seminatum
1237 4230 1327 4286 estin
1343 4230 1557 4297 sardaeorum,
1572 4230 1773 4286 eteetera.ln

66 4319 171 4372 mate
184 4314 382 4373 contemnit.»
399 4315 471 4372 ltem
492 4315 522 4371 iu
537 4317 638 4373 eodem
654 4316 728 4374 libro
744 4322 813 4391 (cap.
832 4319 894 4391 l5lz
949 4321 1005 4377 bae
1028 4319 1144 4376 Domini
1168 4317 1350 4391 oppositione
1365 4319 1461 4374 omnis
1476 4335 1578 4374 eorum
1597 4318 1648 4391 qui
1672 4318 1774 4375 audire

67 4402 291 4477 «Omnipotens
305 4403 473 4477 Deus,quia
486 4406 554 4477 pius
571 4410 626 4476 est,
639 4406 813 4463 miserorum
829 4425 893 4464 eru·
950 4410 1069 4483 quidem
1084 4409 1173 4464 verba
1199 4407 1305 4464 salutis
1320 4412 1489 4479 potuerunt,
1506 4408 1556 4464 sed
1583 4409 1620 4464 ad
1648 4407 1775 4465 salutem

62 4492 150 4549 ciatu
163 4508 224 4549 nou
238 4492 383 4566 paetitiam
399 4491 469 4565 quia
482 4498 582 4550 autem
599 4496 701 4566 justus
716 4500 771 4567 est,
787 4497 823 4553 ab
839 4497 894 4552 ini·
909 4497 1098 4574 ppervenire
1109 4494 1778 4568 nequeunt,distantiacomprehenditur.Suut

63 4596 199 4655 quorum
214 4580 551 4655 altieneinperpetuum
567 4584 897 4641 consedetur.Scdini·
953 4603 1091 4659 namque,
1108 4585 1159 4657 qui
1187 4584 1309 4639 verbum
1337 4585 1415 4656 quod
1444 4584 1578 4656 audiunt,
1599 4585 1682 4643 nulla
1706 4586 1780 4657 lide,¹

61 4670 666 4744 qniomnesetamasupplicio,ctquieem
676 4690 731 4729 sua
741 4673 897 4746 iniquitate
951 4676 1032 4734 nullo
1059 4672 1218 4742 intellectu,
1236 4672 1318 4729 nulla
1333 4674 1439 4731 saltem
1466 4676 1612 4733 tentanda
1641 4676 1780 4735 utilitatis

62 4759 391 4834 puniuntur-,ettamen
401 4761 438 4818 ad
452 4759 564 4833 aliquid
575 4767 808 4831 concrementur,
822 4762 898 4819 scili·
951 4765 1103 4822 occasione
1118 4763 1267 4836 percipere
1282 4763 1442 4836 dignantur
1454 4782 1460 4820 :
1473 4782 1599 4838 quorum
1614 4754 1777 4839 indiscipli}

62 4853 161 4907 catut
172 4849 289 4921 atinati
303 4865 418 4919 omnes,
430 4855 460 4907 et
472 4849 503 4905 in
519 4849 642 4906 Domino
657 4851 775 4906 videant
789 4851 898 4924 gaudia
952 4855 1029 4911 natis
1040 4851 1782 4912 acdoriscordibusmandatumverbumconl'estim·

62 4954 134 5012 que
149 4937 329 5011 percipiunt,
343 4941 373 4995 et
386 4937 489 5010 injusti
502 4938 658 5011 respiciant
674 4938 818 5013 supplicia
833 4957 897 5012 que
951 4942 1097 4999 immundi
1119 4941 1251 5014 spiritus,
1263 4943 1347 5014 quasi
1362 4943 1414 4998 vie
1433 4945 1509 4999 trite
1524 4943 1656 5000 volueres
1676 4958 1776 5000 semea

61 5026 417 5084 mmut1uttantciu
428 5030 570 5083 eternum
581 5027 787 5101 magisdiviuae
796 5028 898 5101 gratie
952 5032 1107 5105 eripiunt.»
1120 5031 1154 5086 Et
1165 5030 1234 5086 item
1248 5047 1272 5086 :«
1284 5023 1316 5087 tt
1326 5049 1382 5088 noe
1389 5041 1494 5104 poterat
1506 5034 1546 5090 iti
1555 5037 1682 5090 virtatem
1691 5034 1778 5088 ullam

62 5114 221 5172 debitores
236 5131 267 5172 se
281 5131 349 5173 esse
371 5119 558 5190 cognoscant,
571 5120 680 5188 quanto
701 5116 731 5171 in
756 5121 897 5172 eternum
951 5120 1227 5191 facerc,eisipaacos
1243 5120 1648 5194 infirmosimpositiemanitas
1661 5121 1777 5176 curavit.

61 5201 149 5261 mela
165 5201 271 5276 punire
283 5203 552 5277 conspiciuntque
568 5206 632 5276 ejus
647 5203 791 5276 adjutorio
807 5206 899 5263 vitare
953 5209 985 5262 Et
996 5208 1151 5262 miratatur
1158 5215 1270 5278 propter
1281 5208 1499 5266 incredulitatem
1513 5210 1635 5265 illoram.
1647 5208 1709 5263 Non
1720 5222 1777 5278 quo

61 5296 259 5366 potnerunt.»
271 5293 308 5349 et
321 5292 353 5349 in
377 5292 500 5350 homilia
522 5293 670 5367 Evangelii
685 5293 781 5366 prima
796 5312 828 5350 2«
846 5296 899 5352 lto·
953 5296 1041 5353 etiam
1056 5294 1115 5351 illis
1130 5294 1289 5353 incredulis
1311 5314 1369 5353 nou
1387 5299 1515 5370 potuerit
1528 5299 1650 5353 virtutes
1669 5296 1780 5356 multas

60 5380 171 5439 minue
185 5385 215 5438 et
236 5381 416 5455 Redemptor
434 5385 544 5449 noster,
559 5387 677 5454 paratos
696 5399 750 5438 uos
769 5383 899 5440 invenire
953 5385 1058 5453 lacere,
1076 5384 1127 5441 sed
1143 5401 1200 5457 quo
1216 5401 1252 5440 ne
1272 5386 1382 5442 multas
1399 5386 1505 5442 iaciens
1521 5385 1597 5441 cives
1612 5382 1780 5444 incredulos

60 5469 254 5538 Mersus,
266 5474 468 5528 senescentem
492 5471 637 5527 mundum
664 5487 728 5543 que
755 5471 833 5528 mala
854 5489 899 5530 se·
954 5474 1172 5530 condemnaret.
1183 5495 1198 5524 a
1209 5474 1244 5529 itt
1262 5473 1332 5531 item
1347 5474 1439 5542 (idid,
1456 5475 1504 5529 tib.
1516 5491 1536 5542 1,
1547 5489 1606 5546 cap.
1623 5475 1714 5548 10):«
1731 5475 1779 5533 se·

60 5562 201 5637 quatur
213 5558 405 5618 denuntiet.»
416 5559 453 5618 Et
465 5559 536 5618 item
551 5560 581 5617 in
596 5558 698 5618 eedem
715 5577 741 5619 :a
759 5561 790 5619 ln
805 5565 901 5638 potes·
953 5562 1017 5622 dere
1031 5570 1123 5622 aetem
1136 5561 1172 5622 ad
1185 5563 1324 5622 dexteram
1337 5578 1436 5635 mam,
1447 5563 1489 5621 vet
1502 5562 1538 5620 ad
1556 5565 1711 5637 sinistram,
1725 5581 1784 5628 nee

234 5686 375 5753 Pareat.
399 5685 512 5753 CXXV·
1602 5700 1622 5770 e
