3810 6098
92 268 154 332 aba
557 258 750 321 tltttnttattt
772 255 998 319 ltilllblllllfllS
1020 257 1332 322 nucututtscout.
1741 258 1807 323 di!

94 397 273 464 seruitutem,
287 398 317 451 et
331 391 548 466 propitiationis
569 396 627 448 tua
648 389 789 447 beneficia
803 389 960 461 semperA
975 388 1155 459 pensatione,
1170 395 1200 447 et
1218 396 1270 450 tua
1297 391 1563 463 administratione,
1580 408 1633 465 per
1661 391 1806 451 diaeum

93 485 232 543 inveniat.
249 485 303 540 Per
317 481 486 538 Dominum.
974 481 1107 549 tempora
1120 484 1149 535 te
1165 479 1252 539 iaciat
1266 480 1392 538 feliciter
1412 480 1577 554 gubernare
1593 497 1601 537 ε
1619 497 1678 554 qno
1693 480 1806 538 divinis

129 574 191 632 Ddo
203 571 425 631 Bellovaceasis.
436 570 581 627 Conscrva
593 586 774 644 quaesumus,
785 568 919 633 Domine,
975 566 1095 622 monitis
1110 570 1485 640 parentes,adversitatibus
1501 570 1642 626 omnibus
1656 574 1804 636 carentes,

94 665 173 724 bunc
183 661 329 719 famulum
340 667 436 730 tuum,
448 664 477 717 et
485 659 720 716 benedictionum
731 663 921 729 tuarumpro-
974 654 1059 710 bonis
1075 656 1213 713 omnibus
1235 658 1438 725 exuberantes,
1453 664 1505 714 tuo
1535 658 1698 714 ministerio
1724 658 1805 715 fideli

94 753 186 827 pitius
201 752 333 812 ubertate
349 749 523 824 purifico‚ut
537 747 752 805 cruditionibus
769 746 827 802 tuis
842 762 918 800 som·
975 758 1073 799 amore
1088 744 1293 818 obsequentes,
1310 750 1340 802 et
1363 747 1393 802 in
1417 748 1552 819 prasenti
1583 746 1690 803 seculo
1721 747 1805 818 pacis

94 860 148 916 par
159 839 376 914 multiplicetur
388 843 418 895 et
433 837 529 895 donia.
547 837 600 894 Per
614 835 783 893 Dominum.
973 832 1185 904 tranquillitate
1198 835 1380 905 truantur‚et
1394 841 1492 892 tecum
1507 841 1683 892 eternorum
1691 835 1804 893 civium

974 921 1119 978 consortio
1135 922 1222 995 potiri
1238 929 1416 982 mereantur.
1431 925 1534 981 Amen.
1551 927 1632 997 Quod
1649 924 1715 1000 ipse
1731 943 1804 998 prm·

896 1043 901 1060 .
973 1012 1051 1063 staro
1066 1009 1213 1082 dignetur.

130 1108 274 1167 Extendat
282 1106 469 1179 omnipotens
485 1104 627 1160 Dominus
638 1103 785 1159 dexteram
796 1119 856 1157 suae
867 1100 919 1157 be·
1008 1096 1047 1152 Ad
1063 1099 1115 1153 tato
1129 1099 1211 1154 verba
1225 1119 1235 1155 :
1250 1099 1373 1158 Coronat
1387 1105 1415 1158 te
1429 1101 1583 1171 Dominus,
1607 1103 1746 1159 miserunt
1761 1104 1807 1160 itti

95 1195 280 1263 bedictioois,
291 1201 321 1250 et
333 1193 464 1251 effundat
478 1209 567 1266 super
581 1197 609 1248 te
624 1193 734 1248 donam
750 1208 810 1247 sura
822 1189 919 1264 propi·
973 1186 1092 1257 episcopi
1104 1203 1232 1245 coronam
1247 1191 1277 1245 in
1291 1192 1389 1263 capite.

95 1284 237 1356 tiatioais,
247 1287 278 1340 et
290 1282 453 1341 circumdet
467 1285 496 1338 ta
510 1280 588 1338 telici
604 1298 688 1338 rnaro
703 1280 843 1337 custodies
858 1295 919 1335 sua
1009 1273 1131 1332 Coronat
1141 1279 1169 1332 te
1180 1276 1324 1334 Dominus
1335 1295 1441 1336 corona
1454 1279 1555 1353 gloria
1571 1279 1805 1354 atquetustitia,

95 1371 295 1449 protectionis,
310 1374 418 1427 sancta
434 1370 542 1439 Maria,
558 1374 587 1425 at
602 1370 735 1425 omnium
750 1373 920 1424 sanctorum
974 1365 1088 1420 ultum
1112 1365 1170 1422 lide
1194 1371 1282 1435 recta,
1298 1371 1327 1423 et
1341 1367 1498 1442 multiplici
1518 1371 1805 1442 bonorum-operum

96 1458 345 1523 intercedentibus
362 1458 482 1515 meritis.
501 1459 603 1514 Amen.
616 1458 769 1531 Indulgent
779 1456 830 1513 tibi
842 1455 920 1512 mata
974 1451 1081 1521 tractu,
1102 1455 1139 1510 ad
1159 1472 1298 1512 aaronem
1313 1458 1465 1528 pervenias
1479 1458 1561 1531 regni
1577 1458 1724 1532 perpetui,
1741 1457 1805 1531 ipso

95 1551 270 1622 omniaque
284 1547 413 1622 gessisti,
424 1551 454 1604 et
464 1546 637 1604 tribuattibi
648 1547 772 1619 gratiam
785 1551 815 1601 et
829 1545 921 1601 mise·
973 1539 1125 1614 largiente,
1136 1544 1222 1616 cujus
1236 1551 1281 1602 est
1296 1551 1463 1618 magnumst
1475 1546 1634 1619 imperium
1650 1547 1680 1602 in
1697 1546 1805 1603 secuta

96 1639 264 1706 ricardum,
279 1653 368 1710 quam
380 1635 532 1693 humiliter
540 1636 577 1692 ab
588 1653 621 1692 eo
632 1633 765 1707 deposcis
777 1651 784 1690 :
801 1633 919 1690 liberet·
973 1630 1158 1688 secutorum.

96 1727 240 1803 queteub
251 1724 476 1785 adversitatibus
486 1724 611 1792 cunctis,
621 1729 651 1780 et
661 1723 698 1780 ab
708 1724 844 1780 omnibus
854 1721 920 1779 visi·
1008 1719 1111 1776 Adam
1123 1723 1227 1778 verta:
1243 1722 1297 1778 Det
1324 1724 1377 1780 tibi
1406 1724 1550 1782 Dominus
1570 1725 1654 1795 valle,
1670 1725 1801 1783 manum

18 1828 23 1837 '
96 1817 202 1877 biliam
217 1820 245 1874 et
261 1812 453 1871 invisibilium
469 1812 655 1871 luimicorum
671 1811 799 1868 insidiis.
814 1812 917 1868 Amen.
975 1809 1020 1865 itii
1031 1810 1154 1881 palmam
1166 1819 1193 1867 ct
1205 1821 1350 1884 sceptmm.

96 1905 220 1980 lagatos
238 1919 309 1963 suos
328 1902 421 1959 banos
439 1904 593 1975 sampsaei
607 1901 727 1974 ubique,
738 1901 789 1973 qui
804 1905 832 1957 te
847 1918 919 1973 pro·
1008 1897 1125 1954 Drttibi
1138 1899 1281 1957 Dominus
1291 1901 1364 1957 vella
1383 1906 1412 1958 et
1428 1919 1514 1975 posse
1530 1920 1595 1976 que
1611 1902 1756 1977 precipit,
1770 1907 1798 1960 ut

96 1995 211 2062 redunt,
226 1991 414 2056 comitentur,
429 1994 459 2048 at
471 1990 738 2062 subsequantur,ad
755 1989 919 2046 custodiam
973 1986 1003 2042 in
1015 1987 1095 2059 regui
1107 1988 1249 2061 regimine
1265 1991 1428 2046 secundum
1442 1990 1626 2048 voluntatem
1642 2008 1729 2049 suam
1740 2008 1793 2065 pm·

96 2084 138 2143 tui
155 2085 265 2156 ponat:
281 2085 312 2138 at
326 2096 343 2137 a
358 2082 475 2153 peccato
492 2095 543 2136 seu
568 2076 676 2150 gladio,
689 2079 770 2154 etob
786 2079 918 2135 omnium
974 2075 1085 2143 ticieus,
1101 2093 1169 2132 cam
1194 2077 1293 2150 palma
1316 2080 1528 2152 persevemntis
1547 2079 1675 2137 victoriae
1692 2081 1733 2137 sd
1743 2081 1791 2155 pal·

96 2170 293 2247 periculorum
312 2166 492 2235 discrimine,
508 2171 538 2223 te
565 2182 620 2223 sua
648 2167 778 2240 potentia
804 2166 918 2224 liberet.
974 2180 1053 2220 mam
1068 2164 1220 2237 pervenias
1235 2165 1334 2239 glorie
1350 2168 1546 2242 sempiterne.
1564 2169 1666 2226 Gratia
1685 2170 1787 2228 Domini

95 2263 198 2321 aman.
210 2257 348 2318 luimicos
357 2261 424 2313 tiras
430 2256 467 2313 ad
473 2255 553 2327 pacis
564 2254 776 2328 charitatisque
786 2255 920 2329 benigni·
974 2251 1064 2308 nostri
1078 2252 1148 2309 lesu
1163 2254 1283 2328 Christi,
1300 2256 1350 2328 qui
1365 2256 1445 2312 vivit.

95 2353 186 2408 tatem
201 2350 361 2414 mauertat,
373 2350 403 2402 at
417 2344 495 2417 apud
523 2343 655 2400 odientes
670 2348 697 2401 te
712 2344 875 2417 gratiosum
890 2349 920 2402 et

97 2437 254 2499 amabilem
267 2433 366 2503 iaciat,
381 2432 543 2506 pertinaces
558 2449 675 2506 quoquc
688 2432 719 2489 ia
735 2432 779 2489 lai
793 2432 919 2489 insecta·

96 2528 176 2587 tione
190 2531 220 2583 et
234 2523 301 2583 odio
316 2522 486 2581 conluuione
511 2519 634 2578 salutari
660 2521 773 2589 induat,
789 2525 920 2594 superte
1009 2519 1051 2575 Da
1066 2519 1161 2587 nobis,
1177 2521 1363 2594 omnipotens
1392 2522 1479 2591 Deus,
1497 2526 1530 2579 ut
1558 2523 1636 2580 beati
1663 2525 1780 2600 Gargonii

97 2619 196 2674 autam
212 2612 405 2672 sanctificatio
418 2610 596 2684 sempiterna
611 2611 750 2667 altiorem.
765 2612 868 2668 Amen.
974 2609 1112 2681 martyris
1126 2609 1170 2665 tui
1194 2611 1359 2666 veneranda
1383 2610 1556 2669 solemnitas
1572 2617 1605 2668 et
1617 2613 1778 2671 devotiorem

130 2703 172 2761 rid
186 2705 238 2762 istu
251 2702 335 2760 acrba
350 2720 359 2757 .·
375 2700 498 2757 Coronat
512 2703 541 2755 tc
556 2699 709 2766 Dominus,
721 2702 836 2757 inuncti
857 2719 921 2758 eum
974 2696 1058 2753 nobis
1072 2703 1179 2770 augeat
1193 2703 1223 2754 et
1236 2698 1373 2755 salutem.
1391 2699 1445 2756 Per
1459 2700 1631 2759 Dominum.

96 2795 259 2857 amm
286 2792 503 2864 adimpleamur
526 2789 718 2847 cleriricorum
731 2791 768 2847 cd
781 2791 921 2849 materam
1009 2786 1244 2859 Dratiaprarcqe.
1260 2789 1444 2859 Quaesumus,
1460 2790 1693 2864 amnipotens,ut
1706 2790 1778 2848 lenc

97 2882 291 2950 mitratorum
306 2883 336 2937 ia
348 2883 439 2954 simtu
452 2895 537 2952 usqae
550 2877 737 2937 adstrictrum
751 2882 918 2951 auriculam,
974 2875 1021 2931 lus
1036 2877 1169 2949 tuusului
1184 2881 1237 2933 tua
1251 2878 1438 2935 miseratione
1454 2880 1587 2952 suscepit
1598 2877 1680 2954 regui
1695 2880 1777 2954 guber·

95 2979 122 3031 ιι
139 2975 175 3029 in-
184 2973 280 3044 alpia.
973 2964 1089 3033 nacula,
1101 2983 1118 3022 a
1132 2970 1161 3022 te
1174 2966 1316 3022 virtutum
1331 2967 1419 3024 etiarn
1438 2965 1580 3041 percipiat
1595 2969 1775 3028 incrementa:

131 3061 256 3118 Curcum
269 3065 297 3116 le
312 3054 455 3117 Dominus
467 3077 574 3117 corono
593 3061 691 3136 gloriae
706 3061 736 3116 in
752 3060 919 3117 misericor-
973 3053 1082 3127 quibus
1096 3055 1231 3111 decenter
1241 3059 1372 3127 ornatus,
1389 3056 1567 3113 elvitiorum
1583 3062 1714 3114 monstra
1725 3056 1777 3112 rita·

96 3149 146 3209 dia
168 3154 198 3206 et
220 3148 457 3206 miserationibus
479 3151 553 3217 suis,
569 3156 597 3207 et
621 3155 712 3224 ungat
733 3154 761 3205 te
784 3149 813 3204 in
839 3131 956 3223 regati}
976 3160 1017 3211 re,
1034 3149 1063 3199 et
1087 3145 1123 3199 sd
1146 3147 1175 3200 to
1199 3143 1249 3217 qui
1273 3145 1330 3213 via,
1345 3146 1462 3215 veritas,
1478 3146 1776 3220 malumgranatum

97 3237 238 3312 regimine
250 3237 312 3295 oleo
322 3237 422 3309 mutire
432 3237 559 3311 Spiritus
570 3239 663 3294 sancti
673 3237 729 3308 sui,
741 3238 819 3293 unde
836 3238 919 3292 unxit
973 3232 1066 3289 valeat
1081 3233 1239 3305 pervenire.
1256 3233 1309 3300 Qui
1325 3233 1398 3290 vivis
1412 3239 1441 3291 et
1455 3250 1561 3308 regnas
1576 3252 1645 3292 cum
1661 3241 1722 3293 Dea.

96 3327 272 3394 sacerdotes,
289 3342 381 3398 rages,
398 3325 566 3398 prophotas,
585 3329 614 3382 ot
635 3329 786 3399 martires,
804 3325 852 3397 qui
869 3341 920 3397 per
1008 3322 1096 3395 Super
1118 3322 1219 3379 actua.
1246 3323 1377 3396 Respice,
1398 3323 1531 3393 Domine,
1549 3337 1674 3382 munera
1697 3318 1775 3398 popull

96 3416 183 3472 fidem
194 3415 326 3471 vicerunt
336 3429 435 3487 regna,
447 3417 475 3469 et
490 3414 599 3486 operati
617 3418 685 3470 sunt
695 3413 856 3486 justitiam,
872 3417 918 3469 at·
972 3411 1016 3467 lui
1027 3411 1183 3468 testivitate
1194 3411 1300 3480 votiva,
1312 3416 1344 3468 ut
1353 3416 1410 3469 tue
1425 3412 1595 3471 testificatio
1611 3413 1776 3472 seriumne

96 3519 153 3575 que
168 3500 264 3574 adepti
280 3504 350 3558 sunt
365 3499 597 3573 promissiones:
614 3501 783 3574 eisdemque
798 3501 920 3574 promis·
973 3500 1020 3556 bis
1034 3499 1216 3572 proiiciatod
1231 3500 1367 3557 salutem.
1380 3501 1434 3558 Per
1448 3501 1619 3558 Dominum.

96 3591 230 3648 sionibus
245 3590 340 3664 gratia
354 3590 404 3646 Dei
420 3589 527 3662 diguus
548 3590 695 3661 allisione,
711 3594 855 3663 quatenus
870 3607 918 3647 oo·
1008 3590 1140 3657 lllunera,
1153 3589 1469 3662 quesumusDomine,
1480 3589 1579 3647 ablata
1593 3587 1776 3648 sanctillramt

96 3695 162 3739 rum
178 3678 326 3736 consortio
341 3679 370 3737 ia
386 3677 496 3735 coelesti
523 3694 612 3751 regno
638 3679 747 3751 pertrui
768 3680 917 3736 merearis.
974 3677 1059 3734 nobis
1069 3677 1270 3751 Unigenititui
1284 3695 1392 3752 eorpus
1402 3679 1563 3754 atsanguis
1575 3681 1659 3750 duat,
1670 3684 1700 3739 et
1711 3682 1775 3737 cam

95 3769 198 3827 Amen.
214 3766 411 3823 Victoriosum
421 3769 449 3821 ta
459 3766 800 3840 atquetriumpbatorem
811 3767 920 3824 deust·
973 3762 1001 3821 lo
1017 3763 1078 3837 regi
1104 3768 1205 3821 nostro
1230 3764 1267 3822 ad
1282 3765 1473 3822 obtinendam
1488 3766 1594 3824 anima
1609 3767 1775 3843 corporisqut

96 3855 206 3915 bilibus
217 3859 305 3926 etqua
315 3852 513 3911 invisibilibus
522 3854 657 3912 hostibus
667 3872 783 3929 semper
791 3855 917 3915 elssciat:
973 3852 1109 3922 salutem,
1125 3857 1154 3910 te
1169 3853 1311 3928 largiente
1330 3871 1543 3930 usquequaque
1564 3858 1724 3930 proliciunt.
1737 3852 1775 3910 re

96 3947 126 4003 et
139 3941 234 4006 macti
249 3941 378 4001 nominis
392 3941 439 4001 sui
467 3942 602 4000 timorem
622 3944 732 4016 pariter
745 3950 775 4001 at
789 3961 918 4002 amorem
973 3943 1120 4000 eumdem.

96 4031 325 4099 contiuuecordi
340 4034 393 4091 tuo
408 4030 554 4101 infundat,
571 4036 600 4089 ct
610 4032 641 4089 ia
656 4033 713 4090 tide
727 4039 807 4091 recta
822 4051 856 4091 ac
871 4034 919 4092 bo-
1007 4033 1235 4091 l’oatconuacuio.
1261 4034 1518 4097 sacramentorum
1543 4037 1674 4103 tuorum,
1701 4028 1775 4092 Domi·

96 4121 143 4187 nis
157 4120 296 4195 operibus
309 4119 550 4194 perseverabilem
566 4122 678 4190 reddat,
687 4126 717 4180 at
731 4139 801 4197 paee
815 4123 846 4179 ia
857 4123 918 4180 die·
972 4139 1019 4191 na,
1032 4122 1200 4181 communio
1215 4127 1334 4196 sumpto
1348 4139 1403 4180 aas
1417 4122 1550 4192 salvetat
1557 4123 1587 4179 ia
1597 4128 1655 4181 tua
1668 4117 1774 4182 cantatis

95 4212 152 4270 bna
162 4210 380 4280 tuisconaessa,
394 4227 462 4267 cum
472 4209 571 4284 palma
583 4210 711 4268 victoum
721 4216 749 4269 te
762 4213 800 4268 ad
816 4229 918 4286 perpe-
972 4211 1037 4268 tuce
1052 4211 1216 4271 coufirmat.
1233 4210 1287 4268 Per
1300 4211 1467 4271 Dominum.

93 4306 180 4363 tuam
188 4316 314 4374 regnum
325 4300 621 4373 pamaarameaat
630 4299 681 4373 qui
690 4305 719 4356 te
728 4300 821 4358 voluit
829 4318 919 4376 super
1008 4303 1029 4357 t
1034 4303 1082 4357 41
1095 4301 1171 4370 Hae,
1183 4299 1316 4371 Domine,
1328 4300 1497 4358 communio
1505 4300 1647 4360 salutaris
1654 4298 1774 4360 umatum

94 4390 236 4464 populum
252 4406 340 4448 suum
354 4389 532 4446 constituere
546 4404 655 4462 ragom,
673 4391 748 4446 uti
762 4394 793 4446 at
806 4390 837 4446 in
848 4408 918 4463 pria·
972 4396 1056 4448 tuum
1071 4390 1107 4446 ab
1129 4390 1270 4448 omuibus
1296 4395 1414 4448 tueatur
1442 4392 1575 4450 adversis
1590 4409 1597 4448 :
1615 4384 1774 4466 matenustl

95 4477 171 4539 senti
185 4477 291 4536 seculo
306 4477 433 4547 felicem,
446 4482 477 4534 at
495 4481 608 4534 aeterna
635 4477 783 4535 felicitatis
805 4478 956 4564 tribuat„
972 4479 1175 4538 ecclesiastice
1190 4480 1271 4552 pacis
1286 4480 1417 4537 obtineat
1431 4473 1774 4553 tranquillitatemetpatl

94 4584 159 4624 esse
174 4572 349 4625 consortem.
365 4571 467 4626 Amen.
484 4567 599 4625 Clemm
614 4585 648 4624 ac
663 4568 815 4642 populum,
828 4585 917 4642 quem
972 4569 1058 4626 istius
1067 4568 1208 4641 temporis
1216 4570 1373 4626 decursum
1386 4571 1421 4626 ad
1434 4574 1573 4627 eternam
1587 4562 1772 4645 pamniam

95 4672 149 4715 suu
158 4655 249 4714 voluit
258 4656 450 4729 opitulatione
460 4662 516 4714 tuae
527 4657 652 4714 subdere
661 4657 775 4730 ditioni,
786 4675 840 4715 sua
855 4659 918 4716 dis·
972 4659 1135 4716 reditatom.
1153 4658 1207 4714 Par
1221 4657 1388 4715 Dominum.

220 997 387 1041 auuautcrlo
407 996 549 1039 ulmenam
568 994 793 1037 nuculuvtscorr.

1222 2414 1380 2457 omrtouas
1399 2416 1429 2456 lli
1449 2416 1546 2457 Missa·
