3810 6098
59 106 113 171 {89
415 107 467 173 ott
488 106 876 174 PRAEDESTINATIONE.
888 107 1148 176 otssttu'rt'vto
1168 111 1400 178 Posacatott.
1695 112 1755 180 tao

56 245 136 300 ratur
148 244 183 301 at
197 239 338 300 meritum
353 241 441 302 iaciat
454 242 542 300 homo
556 258 608 316 per
623 242 770 316 propriam
781 241 881 298 volan·
894 244 921 310 Α
938 244 1054 319 agimus
1068 249 1097 301 et
1112 243 1163 302 Dei
1178 250 1233 315 est,
1249 249 1279 302 at
1293 251 1428 304 nostram
1444 264 1452 305 :
1468 247 1518 305 Dei
1529 265 1581 323 per
1590 249 1753 324 provenien
1785 285 1787 289 «

56 336 183 388 utam.»
936 338 995 390 tem
1011 335 1146 407 gratiam,
1170 340 1304 391 nostram
1329 351 1381 407 per
1407 335 1618 409 obsequentem
1641 336 1765 397 liberam

86 419 121 476 tt
136 417 298 492 Gregorius
312 419 343 477 in
358 418 433 476 libro
449 419 602 476 Moralium
617 422 799 492 xxvr,eap.i0
812 437 842 475 :n
852 420 883 477 Si
936 422 1160 479 volantatem.Si
1176 422 1254 479 enim
1270 422 1321 479 Dei
1338 438 1395 478 nou
1411 424 1548 489 est‚uude
1563 425 1589 480 ei
1605 424 1715 498 gratias
1734 425 1764 482 iu

53 508 117 583 quis
126 507 444 582 salvari,ioquiena,sie
455 508 602 565 munditia
611 526 882 567 manuumsuarum
937 516 1077 567 aternum
1087 510 1224 584 agimus?
1241 512 1369 567 Rursum
1380 511 1404 566 si
1416 516 1549 577 nostrum
1562 528 1620 568 nou
1630 515 1767 580 astando

53 597 229 665 ereditur,ut
244 597 308 654 suis
322 598 435 655 viribus
450 597 592 656 innocens
607 597 668 665 irat,
682 599 782 671 procul
794 599 883 657 dubio
938 600 1023 656 nobis
1040 600 1161 656 retribui
1177 600 1296 673 premia
1323 599 1497 673 speramus?
1520 598 1593 666 Quia
1616 617 1685 673 ergo
1706 619 1764 659 nou

53 691 169 744 erratur
192 702 200 741 :
226 685 297 760 quia
323 687 348 743 si
373 704 501 760 superna
525 686 622 759 gratia
646 692 798 744 nocentem
825 704 882 743 nou
937 688 1086 745 immerito
1095 689 1205 761 gratias
1220 688 1463 762 agimus,scimus
1475 690 1553 762 quod
1570 689 1634 759 ejus
1645 706 1767 747 munere

54 775 206 850 prevenit,
222 792 376 848 nunquam
392 776 521 848 protecto
538 776 665 833 inveniet
679 792 766 849 quem
783 793 883 833 rema·
938 777 1147 850 pravenimur;
1163 783 1192 833 et
1208 771 1326 834 rursum
1337 777 1405 850 quia
1416 795 1474 833 uon
1485 776 1632 834 immerito
1643 778 1767 835 retribu-

55 869 134 922 ueret
148 863 433 921 innocentemUade
441 864 559 920 veridici
571 864 750 939 Moysisvoee
761 865 882 921 dicitur:
938 866 1046 922 tionem
1063 865 1353 938 querimus,scimus
1368 867 1445 939 qaod
1461 867 1660 939 subsequente
1675 865 1768 924 libero

54 954 208 1026 datusque
222 952 334 1026 apadte
346 969 436 1026 perse
451 955 579 1009 innocens
604 961 645 1010 est
666 954 761 1024 (deod.
777 953 883 1025 xxxiv),
939 955 1059 1011 arbitrio
1075 956 1151 1011 bona
1166 953 1309 1027 elegimus
1324 971 1388 1027 qua
1404 971 1569 1026 ageremus.
1587 979 1601 1005 a
1617 957 1651 1012 Et
1671 955 1700 1011 in
1716 955 1768 1012 bo·

54 1045 189 1117 Superas
203 1058 274 1115 ergo
289 1042 382 1116 pietas
397 1043 550 1116 priusagit
564 1042 674 1115 aliquid
687 1043 716 1098 in
726 1042 811 1099 nobis
821 1043 885 1099 sine
939 1043 1022 1099 milia
1034 1042 1180 1117 Evangelii
1202 1045 1236 1098 37
1254 1059 1260 1099 :
1278 1067 1292 1092 «ι
1309 1044 1368 1099 Non
1384 1060 1429 1099 vos
1444 1060 1487 1100 me
1500 1046 1630 1115 eteqistis,
1651 1044 1698 1101 sed
1721 1060 1770 1117 eqo

54 1130 188 1200 uobis,ut
202 1131 527 1204 subsequeatequoque
541 1138 641 1188 nostro
658 1132 748 1188 libero
764 1132 885 1189 arbitrio
938 1135 1120 1205 elegiacam
1145 1134 1226 1205 posui
1251 1149 1296 1188 aas
1318 1139 1349 1188 at
1373 1135 1441 1189 eatis
1465 1141 1491 1189 et
1512 1136 1633 1205 [nactam
1646 1134 1770 1206 offeratis

55 1222 165 1278 bonam
181 1221 263 1295 quod
275 1221 339 1292 jam
355 1220 523 1294 appetimus
536 1225 603 1295 agat
619 1221 885 1292 nabiseam;'quod
940 1222 1027 1293 (loca.
1044 1239 1090 1286 xv,
1108 1223 1162 1293 to).
1180 1221 1277 1287 Posui,
1294 1222 1330 1276 ad
1345 1222 1469 1294 gratiam
1485 1221 1625 1295 plantavi,
1641 1227 1674 1278 ut
1695 1223 1769 1281 eatis

55 1313 151 1367 baren
168 1309 887 1383 perimpeusamgratiaminextromojudioioita
939 1310 1072 1376 volendo,
1101 1311 1230 1365 fractum
1259 1309 1389 1366 afferatis
1413 1311 1571 1382 operando.
1588 1311 1668 1367 blatis
1686 1311 1769 1368 enim

56 1403 225 1456 remaneret
236 1398 406 1464 innobis,ae
416 1398 732 1472 sisclisprocesssissot
742 1417 776 1455 ex
788 1398 884 1454 uobis.
940 1398 1063 1454 volendo
1078 1398 1160 1465 dixit,
1177 1396 1248 1470 quia
1262 1397 1336 1454 vello
1350 1397 1460 1470 aliquid
1488 1399 1582 1456 lacere
1593 1400 1656 1471 jam
1671 1403 1769 1455 mente

58 1489 128 1556 Quia
142 1487 227 1544 euim
242 1486 343 1543 divina
357 1505 411 1543 uos
426 1487 542 1544 bonitas
558 1492 591 1544 ut
607 1487 776 1544 innocentes
801 1487 889 1543 iaciat
941 1487 983 1542 ire
999 1487 1177 1553 est.Qualem
1193 1503 1259 1542 vero
1272 1488 1400 1543 fructum
1416 1487 1520 1542 afferre
1532 1488 1657 1543 debeant
1669 1487 1768 1543 subdi-

57 1576 205 1651 pravenit,
222 1576 332 1633 Paulus
354 1576 396 1632 ait
422 1592 428 1632 :
455 1577 548 1634 Gratia
559 1579 610 1633 Dei
622 1594 684 1633 sara
699 1577 728 1632 id
742 1575 812 1650 quod
826 1593 888 1631 sam
942 1580 1000 1640 tur,
1016 1584 1041 1632 ct
1054 1578 1161 1647 fractae
1176 1584 1261 1631 tester
1274 1582 1392 1631 rnaueat.
1411 1575 1453 1631 lbi
1478 1593 1557 1648 ergo,
1584 1576 1613 1631 id
1639 1580 1684 1632 est
1703 1579 1771 1649 post

58 1667 78 1736 (i
89 1666 151 1723 Cor.
168 1665 319 1735 xv,10).Et
332 1664 403 1737 quia
417 1666 550 1722 eamdem
567 1665 692 1738 gratiam
708 1671 841 1721 nostrum
855 1663 887 1719 li·
903 1627 925 1691 B
940 1669 1075 1732 mortem,
1091 1662 1142 1720 illa
1156 1664 1308 1720 retributio
1325 1663 1453 1731 inchoat,
1470 1664 1520 1719 ubi
1546 1664 1604 1719 ista
1625 1662 1767 1719 termina·
1829 1733 1833 1748 Ι

58 1756 155 1812 berum
167 1752 329 1810 arbitrium
340 1752 622 1827 sequitur,adjungit
633 1756 844 1827 :Etgrctiaejas
856 1755 886 1809 ia
940 1757 998 1808 tur.
1017 1775 1031 1800 υ
1047 1754 1082 1808 llt
1097 1752 1125 1808 in
1141 1752 1262 1808 homilia
1277 1753 1294 1807 a
1309 1755 1352 1820 (ia
1366 1752 1515 1825 principio)
1531 1752 1689 1809 Ezechielis
1705 1769 1768 1825 pro·

58 1841 577 1915 aser·amranoasuit,sedabaadantias
594 1844 652 1900 iltis
672 1843 885 1900 omaibaslaba·
943 1841 1060 1913 phetas:
1077 1842 1110 1896 Et
1130 1843 1268 1912 inpressas
1292 1849 1331 1897 ast
1354 1843 1383 1896 ia
1408 1857 1452 1897 me
1475 1841 1605 1914 Spiritus,
1628 1849 1772 1914 postquam

59 1931 195 1999 roei.0ui
212 1930 598 1989 damsedesenihilesse
617 1931 808 2005 conspiceret,
834 1932 884 1999 ait,
941 1932 1044 1987 teratur
1075 1940 1115 1987 est
1140 1931 1222 1997 mibi,
1251 1939 1278 1986 et
1303 1933 1399 1987 statuit
1425 1947 1469 1986 ma
1491 1947 1576 2003 supra
1596 1929 1675 2002 pedes
1698 1945 1771 1986 meos

58 2027 217 2078 mausum
228 2035 290 2090 ego,
305 2024 446 2075 ettamen
462 2019 533 2091 quia
556 2037 587 2077 se
611 2037 676 2076 esse
690 2019 801 2094 aliquid
818 2036 885 2076 eam
940 2020 1047 2089 (Eaecb.
1075 2038 1106 2085 11,
1131 2020 1159 2091 2)
1197 2021 1269 2076 Ecce
1294 2019 1394 2075 divina
1417 2036 1471 2074 vox
1489 2017 1600 2090 jacenti
1624 2017 1771 2091 propheta

59 2107 148 2181 gratia
162 2107 289 2176 invenit,
307 2108 442 2178 adjunxit
455 2108 502 2165 sed
516 2111 606 2180 qratia
620 2111 669 2166 Dei
682 2111 886 2166 arceamblun·
937 2109 1029 2182 J'ussit
1044 2113 1076 2164 ut
1090 2113 1240 2181 surgeret:
1254 2109 1304 2164 sed
1316 2125 1436 2179 surgere
1451 2107 1572 2162 omnino
1587 2124 1644 2162 noa
1656 2109 1767 2179 posset,

59 2197 124 2253 ditia
139 2196 247 2269 itaque
264 2212 408 2252 manuum
421 2213 542 2253 suarum
559 2197 699 2254 innocens
715 2197 885 2264 salvabitur,
942 2197 997 2253 nisi
1014 2198 1041 2251 in
1058 2197 1137 2253 hunc
1152 2196 1361 2269 omnipotentis
1377 2197 1426 2252 uei
1447 2197 1569 2268 spiritus
1594 2195 1733 2252 intrasset
1758 2212 1766 2251 ε

59 2285 122 2357 quia
137 2285 191 2357 qui
209 2283 260 2340 hie
276 2285 452 2357 praevenitur
462 2285 538 2342 douo
561 2291 593 2341 ut
603 2286 744 2342 innocens
756 2287 887 2353 flatuum
942 2285 1011 2358 quia
1026 2302 1060 2341 ex
1075 2284 1285 2358 omnipotentis
1300 2285 1348 2341 Dei
1365 2285 1460 2356 gratia
1475 2285 1511 2340 ad
1527 2285 1604 2340 bona
1618 2301 1706 2356 opera
1718 2299 1766 2337 eo-

61 2374 89 2429 ad
101 2373 259 2445 judicium
275 2372 393 2429 ducitur
407 2390 441 2428 ex
457 2372 561 2429 merito
578 2380 792 2431 remuneratur.
818 2399 829 2427 ι
854 2375 889 2430 llt
954 2375 1017 2430 nari
1029 2374 1146 2446 quidem
1159 2391 1328 2446 possumus,
1340 2375 1390 2430 sed
1402 2374 1462 2429 hac
1472 2373 1593 2446 implere
1604 2390 1662 2429 non
1673 2388 1774 2445 possu-

62 2462 85 2518 ia
108 2461 187 2519 libro
214 2479 304 2520 xxxm
321 2479 328 2517 :
346 2483 360 2513 s
377 2462 468 2518 Nemo
490 2461 609 2535 quippe,
635 2468 667 2518 ut
691 2463 789 2519 dirina
804 2462 888 2519 illum
943 2479 1011 2518 mus
1026 2463 1050 2517 si
1067 2463 1130 2535 ipse
1145 2479 1203 2519 nou
1219 2463 1338 2533 adjuvat
1349 2462 1399 2534 qui
1411 2462 1506 2532 jubet.
1519 2462 1567 2518 Sic
1581 2459 1768 2518 Pauluseum

63 2551 153 2624 gratia
174 2550 390 2624 subsequatur,
419 2551 502 2624 prius
533 2551 643 2624 aliquid
673 2552 795 2608 contulit
821 2557 887 2607 Deo.
948 2550 1528 2624 discipulosadmoueret,dicens1t'am
1541 2557 1774 2606 metaettreawre

65 2643 131 2696 llam
147 2639 174 2696 si
191 2656 249 2695 nos
264 2639 358 2695 Deum
374 2640 446 2696 bene
461 2641 607 2713 operando
623 2641 826 2713 pravenimus,
839 2641 889 2697 ubi
945 2650 1061 2698 vestram
1080 2645 1202 2714 ipsoram
1216 2642 1333 2696 satutem
1346 2642 1501 2712 operamini
1513 2639 1647 2711 (Philipp.
1673 2655 1703 2705 ιι,
1728 2639 1771 2705 12,

64 2729 197 2802 estquod
226 2728 370 2801 propbeta
393 2729 434 2784 ait
448 2746 455 2785 ι
470 2729 655 2786 Misericordia
669 2733 727 2803 ejas
741 2733 893 2803 praecator
946 2731 1000 2795 13),
1022 2728 1099 2785 illico
1123 2729 1189 2800 quis
1210 2726 1243 2783 in
1268 2728 1311 2783 eis
1336 2728 1396 2783 lraec
1414 2728 1478 2799 ipsa
1502 2728 1579 2783 bona
1602 2730 1772 2797 operaretur

63 2835 100 2875 are
113 2818 188 2891 (rat.
206 2834 286 2885 avua,
304 2817 368 2890 ill‘l
383 2818 413 2872 Si
433 2818 503 2890 quid
529 2835 583 2874 nos
606 2819 687 2874 bona
712 2818 891 2891 operationis
945 2818 1088 2888 adjunxit,
1103 2817 1204 2873 dicens
1214 2833 1220 2870 z
1230 2818 1299 2872 Deus
1312 2823 1352 2872 est
1363 2818 1438 2871 enim
1453 2817 1502 2887 qai
1515 2822 1643 2886 operatur
1658 2813 1772 2868 iacebis

64 2907 209 2972 dedimus,
229 2906 343 2977 atejus
357 2906 482 2979 gratiam
499 2923 680 2964 mereremur
695 2907 745 2963 ubi
757 2908 891 2980 estquod
945 2915 971 2963 et
985 2907 1052 2963 reite
1066 2915 1092 2962 et
1104 2907 1233 2978 perficere
1242 2921 1293 2977 pro
1304 2905 1373 2960 bona
1383 2904 1529 2960 voluntate.
1547 2901 1620 2958 Hine
1634 2906 1679 2957 est
1693 2899 1771 2973 quod

65 2994 169 3052 Paulus
184 2995 341 3068 apostolus
355 2994 426 3051 dicit
442 3012 448 3051 :
466 2995 559 3052 Gratia
579 2997 651 3052 salai
672 2998 739 3070 sacti
761 2998 825 3053 estis
842 3013 892 3069 per
907 2990 928 3058 G
946 2995 1011 3068 ipsa
1024 2994 1138 3050 Veritas
1152 2992 1305 3065 discipulis
1319 2992 1390 3048 dicit
1405 3008 1412 3047 :
1429 2991 1496 3048 Sine
1508 3008 1553 3047 are
1566 2990 1640 3047 nibil
1661 2989 1771 3062 potestis

64 3083 149 3153 Mem,
165 3090 194 3140 et
205 3083 258 3140 boe
272 3099 328 3139 aaa
340 3099 376 3140 ea
389 3084 474 3152 eoba,
489 3083 536 3141 sed
551 3087 604 3142 Dei
617 3085 892 3153 denumerationem
944 3087 1034 3156 faeere
1048 3084 1136 3150 (toan.
1160 3100 1206 3148 xv,
1221 3083 1260 3154 5.)
1276 3082 1331 3137 Sed
1348 3080 1377 3136 iu
1394 3079 1441 3137 bis
1456 3079 1702 3136 considerandum
1726 3082 1774 3134 est

64 3173 186 3245 operibor
213 3171 325 3243 (pres.
351 3188 382 3240 11,
405 3171 451 3238 att
474 3172 504 3228 Si
530 3178 629 3228 nostra
657 3172 773 3230 dilectio
797 3173 889 3229 Deum
945 3171 1049 3246 quiesi
1062 3172 1137 3227 bona
1153 3169 1522 3242 nostrasieomuipotentis
1537 3168 1589 3224 Dei
1600 3168 1770 3234 donasuut,

64 3259 267 3333 praevenitubi
277 3264 323 3316 est
335 3261 412 3332 quod
427 3260 556 3317 loannes
571 3260 720 3333 apostolus
735 3262 821 3318 dicit:
832 3263 891 3318 Noa
945 3267 977 3317 ut
992 3261 1020 3315 ia
1037 3260 1079 3316 eis
1096 3259 1205 3333 aliquid
1222 3265 1355 3315 nostrum
1368 3276 1424 3314 aon
1440 3257 1546 3324 sit,cur
1558 3273 1612 3312 nos
1623 3255 1707 3330 quasi
1719 3273 1772 3328 pro

64 3347 388 3421 quiamditexerr'mas
404 3350 498 3414 Deam,
523 3349 569 3404 sed
595 3352 723 3421 quoniam
743 3353 801 3422 ipse
814 3353 892 3422 prior
945 3350 1204 3405 meritisaternam
1217 3345 1771 3418 retributionemquaerimusisiautem
1833 3362 1835 3366 ·
1883 3416 1893 3427 ι

64 3437 157 3494 atate
170 3452 224 3493 nos
239 3437 265 3508 (1
276 3440 360 3493 toan.
376 3438 426 3508 av),
444 3437 507 3509 loll
518 3437 571 3493 Ubi
587 3443 633 3494 ost
650 3440 729 3509 quod
745 3455 796 3510 per
818 3439 891 3496 Osee
945 3440 986 3494 ita
999 3443 1099 3494 nostra
1114 3440 1230 3503 suntal
1243 3437 1321 3491 dona
1337 3435 1386 3490 Dei
1402 3431 1612 3506 omnipotentis
1630 3449 1687 3487 uon
1700 3432 1771 3502 sint,

64 3523 205 3584 Dominam
221 3523 295 3582 dieit
310 3539 317 3578 ε
332 3526 454 3596 Dittqem
467 3541 511 3582 eos
526 3534 672 3598 spartanae
687 3526 763 3600 (Osee
776 3544 833 3595 xrv,
843 3529 891 3596 5)t
944 3544 1045 3583 carex
1060 3526 1102 3582 eis
1122 3524 1314 3597 omnipotenti
1338 3525 1396 3580 Deo
1419 3521 1529 3596 gratias
1553 3520 1690 3593 agimus?
1715 3520 1771 3576 Sed

65 3613 168 3673 bisiae
182 3614 251 3687 ejus
262 3630 381 3669 manere
392 3618 492 3670 nostra
502 3614 609 3670 virtute
619 3616 710 3671 Deam
727 3616 890 3689 sequimur,
945 3616 1097 3670 sciendum
1113 3611 1241 3685 estquis
1257 3612 1334 3668 mala
1349 3616 1449 3667 nostra
1467 3608 1654 3667 solummodo
1671 3613 1771 3663 nostra

66 3703 109 3758 abi
124 3703 266 3775 estquod
282 3719 334 3775 per
352 3703 541 3776 Evangelium
565 3703 679 3760 Veritas
702 3709 889 3776 protestatur,
945 3709 1026 3771 sunt,
1043 3704 1119 3758 bonu
1134 3708 1231 3757 autern
1250 3706 1351 3756 nostra
1365 3705 1394 3756 et
1408 3697 1621 3770 omnipotentis
1635 3696 1685 3753 Dei
1702 3700 1773 3753 sant

67 3791 162 3849 dicens
179 3808 187 3848 ε
202 3791 272 3848 Sine
286 3807 329 3847 me
343 3791 418 3847 uidit
437 3793 547 3864 potestis
569 3794 659 3863 secere
676 3794 763 3861 (toan.
779 3812 825 3860 xv,
840 3795 891 3866 stt
945 3796 974 3847 et
999 3795 1099 3847 nostra
1114 3807 1120 3845 :
1137 3790 1207 3863 quia
1230 3790 1291 3861 ipse
1316 3787 1473 3861 aspirando
1498 3805 1552 3843 nas
1578 3785 1717 3859 prevenit
1741 3787 1774 3841 at

68 3875 115 3935 tbi
139 3881 187 3934 est
215 3879 294 3950 quod
319 3877 361 3934 ait
385 3894 392 3935 :
417 3879 498 3935 Neam
520 3886 605 3950 paea
622 3880 892 3938 aeaireadmear'si
944 3880 1081 3947 velimus,
1096 3879 1146 3951 qui
1171 3879 1336 3948 adjuvando
1360 3876 1553 3948 subsequitur
1581 3891 1616 3929 ne
1645 3873 1772 3929 inaniter

68 3966 151 4034 Pater,
176 3968 229 4041 qui
250 3968 330 4023 misit
352 3983 406 4031 mc,
428 3970 545 4024 trama
565 3984 628 4024 eam
650 3971 742 4034 (laen.
768 3986 807 4035 vr,
832 3970 892 4037 illi
944 3968 1079 4035 velimus,
1096 3968 1147 4024 sed
1163 3967 1311 4040 possimus
1327 3964 1449 4038 implero
1464 3981 1527 4035 quae
1542 3960 1772 4018 volumusPra·

68 4053 115 4112 Ubi
130 4055 212 4129 quod
227 4055 335 4111 iterum
347 4055 418 4112 dieit
433 4072 440 4111 :
456 4056 516 4112 Noa
531 4073 576 4113 aas
589 4074 632 4113 are
645 4059 776 4129 capistra,
788 4059 835 4114 sed
844 4074 891 4131 eqo
945 4057 1160 4128 veniente'ergo
1170 4056 1307 4129 gratiu,et
1318 4055 1396 4110 bona
1405 4053 1554 4109 voluntate
1565 4049 1771 4121 subsequente,

67 4144 131 4216 elegi
143 4160 190 4201 uos
206 4143 296 4215 (loon.
312 4161 360 4210 xv,
377 4143 489 4213 tettsi
513 4144 617 4201 saltem
645 4147 722 4202 dona
747 4147 890 4203 bonorum
945 4146 1093 4218 hocquod
1110 4143 1319 4216 omnipotentis
1336 4137 1772 4203 Deidonumest,fitmeritum

69 4234 139 4291 m
154 4249 279 4305 operum
293 4233 403 4290 virtuto
420 4238 520 4289 nostra
539 4234 612 4290 bene
640 4235 796 4308 cogitando
818 4253 890 4308 prar-
946 4235 1172 4300 nostrum.0uod
1187 4234 1259 4289 bene
1269 4232 1377 4289 Paulus
1390 4228 1468 4285 brevi
1483 4224 1771 4298 senteutiaexplicat,

69 4319 209 4387 venimus,
236 4320 286 4376 ubi
311 4324 359 4376 est
381 4321 469 4392 quod
486 4338 604 4377 rursum
622 4339 672 4394 per
691 4322 813 4378 Paulum
829 4330 888 4380 tana
907 4357 929 4422 D
946 4325 1018 4380 127
1039 4322 1140 4377 dicens
1166 4338 1172 4375 :
1197 4323 1264 4402 Plus
1287 4321 1345 4375 illis
1371 4317 1499 4374 oraar'bas
1524 4316 1658 4372 laboravit
1672 4315 1695 4383 (l
1710 4314 1771 4370 Cor.

71 4407 223 4464 salubriter
235 4408 356 4477 dicitur,
373 4415 405 4464 ut
419 4409 516 4465 omnis
531 4411 566 4465 de
581 4426 611 4465 se
627 4411 763 4467 bantana
782 4414 890 4470 mentia
943 4430 989 4479 xv,
1002 4415 1056 4478 10).
1070 4410 1124 4476 Ουί
1141 4427 1176 4465 ne
1191 4409 1338 4464 videretur
1353 4425 1413 4463 sua
1429 4404 1529 4462 virtuti
1544 4404 1685 4460 tribuisse
1695 4405 1772 4477 quod

72 4495 171 4552 ldaeia
185 4497 224 4552 ab
239 4495 304 4570 ipsa
316 4497 413 4553 cordis
429 4499 526 4554 radice
542 4499 720 4567 succidatur,
742 4517 808 4556 curn
826 4503 867 4557 ait
884 4522 890 4560 :
947 4502 1063 4565 iecerat,
1089 4499 1223 4568 adjunxit
1240 4515 1247 4552 :
1264 4498 1323 4553 Noa
1346 4504 1437 4552 ortam
1459 4512 1517 4566 epo,
1542 4493 1589 4550 sed
1613 4495 1713 4579 qratia¹
1725 4494 1775 4550 aet

74 4582 383 4657 toaqaiasatficieates
402 4588 489 4641 simas
508 4589 626 4659 cogitare
643 4588 749 4660 aliquid
774 4606 792 4644 a
814 4591 893 4647 aobrs
946 4605 1061 4644 aecana
1087 4585 1160 4652 Quia
1184 4585 1262 4641 enim
1288 4584 1397 4641 coelesti
1422 4585 1498 4640 dono
1527 4587 1692 4656 praeventus
1718 4585 1773 4649 est,

75 4675 194 4742 quocies
208 4673 297 4738 aeia,
314 4673 361 4730 sed
373 4675 540 4746 sufficientia
565 4683 658 4731 nostra
680 4692 715 4731 ea
735 4678 788 4735 ileo
802 4687 841 4735 ert
859 4680 893 4751 (ll
947 4677 1032 4749 quasi
1048 4673 1176 4730 alienum
1193 4690 1224 4729 se
1239 4692 1256 4729 a
1271 4675 1507 4744 bonosuoopere
1522 4669 1772 4745 agnovitdicrus:

77 4760 128 4818 W·
143 4780 186 4829 ¹¹1,
201 4764 253 4835 5ll
268 4763 360 4820 Nemo
373 4780 442 4836 ergo
458 4763 550 4821 Deam
567 4765 680 4821 meritis
695 4769 843 4838 prevenit,
861 4776 894 4827 ut
946 4769 1005 4823 Noa
1020 4774 1109 4821 autem
1123 4764 1238 4836 eqo.Sed
1255 4764 1325 4835 quia
1341 4762 1520 4835 preveniens
1535 4759 1629 4833 gratia
1648 4752 1772 4814 liberam

78 4852 163 4906 tenere
177 4868 247 4908 eam
264 4851 349 4924 quasi
360 4851 521 4909 debitorem
534 4854 693 4926 possitlallt
707 4857 793 4927 paulo
804 4864 890 4929 post:
946 4855 976 4911 iu
992 4871 1025 4910 eo
1041 4853 1195 4910 arbitrium
1211 4853 1318 4908 iecerat
1333 4852 1362 4908 in
1380 4853 1465 4917 bono,
1476 4867 1535 4922 qao
1550 4848 1642 4904 libero
1652 4843 1773 4900 arbitrio

80 4937 208 4996 «ideireo
223 4939 303 4995 enim
320 4957 505 5013 nequaquam
521 4940 646 4998 coelestis
661 4929 755 5016 patria
774 4946 893 5017 praemia
946 4945 1079 5000 eamdem
1095 4941 1219 5015 gratiam
1231 4946 1276 4996 est
1286 4941 1462 4997 subsecutus
1473 4939 1502 4993 in
1514 4931 1747 5009 opere,adjuuxit
1763 4948 1770 4986 ι

80 5027 891 5102 remapemipiunt,quinreprobi‚qutaeunune,dum
945 5033 992 5091 sed
1015 5034 1104 5104 qratia
1126 5032 1175 5086 Dei
1197 5047 1318 5097 amcam,-
1347 5046 1380 5084 ac
1407 5028 1432 5085 si
1456 5027 1565 5082 diceret
1594 5039 1600 5076 :
1635 5021 1666 5075 ln
1697 5020 1773 5075 bono

80 5117 223 5182 promereri
239 5123 387 5191 poterant,
402 5136 436 5174 ex
452 5119 541 5175 libero
563 5120 683 5175 arbitrio
709 5127 891 5195 conternpse-
946 5139 1032 5195 opere
1058 5119 1196 5185 laboravi,
1224 5136 1280 5173 noa
1305 5136 1368 5191 ego,
1393 5117 1443 5172 sed
1469 5120 1498 5169 et
1517 5129 1580 5184 ego.
1597 5111 1628 5164 ln
1644 5124 1677 5163 eo
1693 5109 1772 5164 euim

80 5207 226 5272 runtouod
241 5205 378 5262 videlicet
392 5206 517 5263 liborum
531 5208 687 5263 arbitrium
704 5210 733 5264 ia
751 5211 826 5266 bono
839 5214 893 5268 t'cr·
946 5228 1004 5284 quo
1020 5209 1081 5265 solo
1098 5208 1213 5264 Dourini
1237 5208 1313 5261 dono
1338 5208 1504 5278 praeventus
1530 5216 1609 5268 sum,
1626 5213 1685 5251 uon
1700 5214 1772 5270 ego,

80 5292 477 5358 natureleatis,cumeorum
488 5299 892 5357 mensuterrenisdesideriis
946 5303 974 5357 in
993 5303 1139 5356 eoautem
1167 5298 1243 5370 quod
1270 5297 1379 5351 donum
1406 5292 1554 5346 voluntate
1584 5288 1770 5356 subsecutus,

81 5379 157 5446 titii&
172 5382 324 5454 aspirante
342 5383 543 5455 suspenditur.
560 5385 670 5440 liranum
690 5387 798 5460 quippe
814 5391 891 5461 quod
946 5394 974 5444 et
989 5405 1052 5458 rgo.
1072 5386 1121 5441 llis
1136 5385 1226 5455 igitur
1239 5380 1362 5437 breviter
1378 5382 1478 5434 contra
1493 5375 1644 5449 Pelagium
1660 5379 1688 5430 et
1710 5375 1772 5432 Coe·
