3810 6098
91 280 150 349 fiii
562 285 753 349 lllNChlAltl
777 283 1001 346 uubttuusls
1023 284 1322 350 nucutuplscoel

92 416 259 494 quicunque
270 419 433 477 seeundum
444 437 528 478 suam
536 420 701 495 jussionem
713 420 749 477 ad
761 438 828 478 eum
840 437 916 476 aoce-
929 417 958 484 A
973 417 1054 475 durat
1067 419 1154 492 (hom.
1169 420 1218 494 rx),
1235 420 1266 477 in
1288 438 1321 478 eo
1346 438 1433 494 quem
1458 421 1559 479 seduci
1584 420 1708 496 permiti

93 508 145 578 dit,
157 509 343 565 illuminatur
360 511 489 583 profecto
509 514 597 583 atquo
618 510 747 566 reficitur
758 528 764 565 :
777 510 827 583 qui
851 528 916 566 vero
971 508 1119 577 obdurari,
1136 509 1215 591 mpla
1229 512 1294 582 ejus
1308 511 1423 579 merita,
1435 510 1465 567 iu
1481 528 1515 569 co
1529 529 1598 569 vero
1613 513 1703 586 cujus

93 598 234 655 invitatus
245 599 281 654 ad
297 598 372 655 hanc
383 616 496 655 coenam
507 599 700 668 flammicam,
710 599 739 655 id
751 603 916 656 estaternae
971 601 1060 666 retur,
1077 599 1202 670 gratiam
1218 599 1267 655 Dei
1285 616 1342 655 non
1369 601 1519 657 reddentis
1540 601 1619 658 mala
1633 617 1708 676 prot

94 686 199 743 salutis
209 687 408 757 refectionem,
419 686 449 742 in
461 706 519 761 qua
533 687 581 745 ille
591 688 701 745 vitulus
719 690 870 761 saginatus
881 689 917 743 ed
972 687 1023 742 sed
1039 687 1116 743 bona
1129 704 1181 759 pro
1197 688 1294 755 malis,
1310 688 1435 745 fideliter
1448 694 1477 746 et
1493 690 1700 749 indubitanter

95 776 229 832 omnium
244 775 409 845 hominum,
423 778 486 834 sine
501 777 562 833 ulla
571 779 748 851 exceptione,
761 782 873 833 tantam
886 782 919 832 ut
973 775 1053 832 scite.
1066 777 1122 832 Nee
1142 777 1205 833 ideo
1226 778 1364 835 auferatis
1380 796 1396 834 a
1412 779 1561 835 Pharaone
1577 778 1708 837 liberum

95 865 124 921 in
136 881 203 921 eum
216 865 647 934 fideliteretfirmitcrcredant,
662 865 863 938 plenissimum
875 883 919 923 sa·
972 863 1073 936 trium,
1088 864 1157 937 quia
1181 865 1282 921 multis
1308 866 1380 922 locis
1396 867 1467 922 dicit
1491 868 1580 940 Deus,
1593 869 1648 943 ⁸Epo
1671 869 1708 925 itu

95 953 167 1010 lutis
182 953 369 1010 refectionum
386 955 545 1019 sufficiens,
562 960 591 1010 et
612 954 771 1029 singularis
785 972 819 1011 ac
832 973 918 1011 verus
972 954 1154 1023 Pharaonem,
1162 954 1206 1010 vel
1217 955 1357 1023 induravi,
1370 961 1421 1012 aut
1435 957 1708 1014 indurabocorl’ieut

96 1043 200 1100 iisdem
213 1044 459 1118 agnus,quitollit
469 1049 586 1116 peccata
597 1044 842 1106 mundi,ounotus
852 1062 920 1117 epu·
973 1043 1035 1099 Non
1051 1042 1129 1099 enim
1146 1049 1299 1118 propterea
1313 1045 1375 1116 ipse
1390 1045 1502 1101 Pharao
1515 1063 1573 1102 nun
1589 1045 1708 1105 indurat

96 1132 149 1188 lari
159 1132 323 1190 volentibus
335 1138 378 1189 est
389 1133 513 1204 occisus,
522 1137 573 1189 out
584 1151 638 1190 sua
647 1134 796 1191 voluntate
807 1152 863 1189 noa
875 1152 920 1190 ve·
973 1149 1072 1199 suum,
1084 1150 1153 1188 nam
1164 1137 1191 1189 et
1205 1132 1260 1188 hoc
1272 1133 1308 1189 de
1322 1132 1372 1189 illo
1388 1133 1504 1207 legitur,
1517 1134 1637 1207 quaudo
1649 1131 1708 1191 able

97 1221 151 1293 rit,
162 1221 241 1278 velut
257 1221 354 1278 senior
368 1222 446 1278 filius
458 1223 494 1278 de
504 1239 574 1296 agro
589 1223 704 1280 rediens
719 1223 810 1296 patris
822 1223 918 1280 couvi·
974 1221 1010 1277 ab
1027 1221 1166 1295 AEgyptiis
1181 1221 1326 1294 cynomia,
1337 1222 1452 1278 dicente
1468 1221 1621 1295 Scriptura
1635 1239 1643 1277 ε
1658 1222 1708 1281 ΕΙ.

96 1310 186 1379 vium,
199 1315 231 1366 ut
241 1327 307 1366 cum
320 1309 437 1379 juniora
447 1314 475 1366 et
486 1312 607 1386 prodigo
618 1311 706 1368 fratre
722 1329 836 1368 reverso
846 1329 919 1386 epu·
973 1312 1047 1367 uouit
1060 1311 1170 1367 Pharao
1186 1327 1231 1367 cor
1253 1328 1346 1378 auum,
1359 1319 1387 1367 et
1401 1313 1431 1367 io
1446 1314 1496 1368 icto
1521 1318 1650 1384 tempore,
1666 1317 1698 1369 st

96 1399 215 1465 laretur,
226 1399 313 1454 etiam
325 1403 443 1472 rogatus
456 1417 473 1456 a
488 1403 579 1473 patre,
592 1405 624 1456 ut
633 1406 662 1457 et
676 1400 729 1470 illi,
741 1402 793 1474 qui
807 1401 920 1458 invitati
973 1399 1110 1456 dimittere
1130 1400 1263 1472 populum
1277 1399 1372 1473 (Eroti.
1384 1403 1457 1468 vui).
1472 1401 1512 1455 Ao
1528 1416 1581 1473 per
1596 1399 1653 1456 hoo
1675 1402 1707 1459 et

97 1487 133 1543 ad
149 1486 203 1544 hoc
219 1487 356 1560 idemque
369 1489 526 1562 prandium
537 1490 676 1547 nolebant
687 1491 794 1560 venire,
807 1491 921 1564 ingredi
974 1487 1122 1545 induravit
1137 1506 1189 1562 per
1199 1490 1315 1561 justum
1328 1488 1486 1560 judicium,
1502 1493 1531 1545 et
1546 1488 1610 1562 ipse
1625 1488 1708 1546 Phari

98 1591 252 1649 personam
269 1578 519 1634 contemnentium
529 1579 695 1652 exprimens
705 1580 858 1647 recusavit,
870 1584 922 1636 aut
975 1578 1100 1634 liberum
1111 1578 1294 1635 arbitrium.»
1304 1578 1339 1634 Et
1350 1577 1379 1633 in
1391 1577 1505 1650 psalmo
1515 1578 1671 1652 trigesime
1680 1594 1708 1653 qr

97 1665 392 1740 veniensanlequam
404 1666 777 1743 plenorofectionisgaudio
789 1669 919 1739 satietur,
976 1690 990 1717 ι(
1006 1667 1084 1724 Dedit
1099 1667 1161 1723 iilos
1179 1668 1250 1723 Deera
1272 1668 1302 1722 in
1323 1668 1554 1739 concupiscentias
1573 1664 1708 1729 curauit

98 1754 134 1811 ab
160 1754 214 1811 hae
243 1773 297 1812 sua
317 1755 467 1813 voluntate
495 1758 719 1831 recedit,aqua
748 1759 772 1815 si
800 1758 1065 1854 viriliterBfocere
1081 1771 1144 1830 quar
1159 1773 1215 1813 uon
1229 1758 1395 1813 conueniunt
1407 1756 1493 1829 (Rom.
1508 1774 1528 1826 1,
1539 1757 1596 1828 28).
1611 1755 1708 1814 SiDot

99 1845 221 1917 agendo,
234 1847 263 1899 et
275 1844 433 1902 Dominum
445 1847 627 1916 sustinendo,
637 1852 703 1905 ante
715 1848 921 1922 perfectionem
978 1845 1047 1901 facit
1057 1853 1089 1902 ut
1099 1845 1208 1902 faciant
1218 1862 1281 1919 quae
1296 1863 1354 1901 non
1366 1845 1559 1913 conveniunt;
1570 1844 1642 1918 quid
1660 1845 1708 1920 ips

99 1931 301 1989 refectioniset
308 1934 408 2006 gaudii
420 1951 477 1990 nun
487 1936 642 2004 recederet,
650 1954 835 2009 nequaquam
848 1936 925 1993 ultra
978 1936 1065 1991 runt?
1075 1936 1150 2008 Ergo
1159 1935 1214 1991 fuit
1223 1934 1472 2008 concupiscentia,
1482 1952 1571 2007 quam
1582 1933 1701 1993 vincere

100 2022 234 2078 recedere
247 2021 342 2091 vellet,
355 2023 414 2079 imo
429 2041 481 2080 nee
496 2028 613 2097 posset:
630 2025 706 2082 siout
721 2044 779 2083 uon
794 2026 855 2095 Dei,
873 2027 923 2083 sed
978 2030 1056 2096 runt,
1068 2042 1126 2081 non
1138 2025 1183 2081 oui
1197 2026 1383 2080 traderentur
1393 2023 1505 2094 judicio
1516 2023 1578 2091 Del,
1591 2024 1642 2080 sed
1655 2038 1708 2097 que

101 2126 155 2166 sua
170 2110 453 2183 quisqucvoluntatc
469 2130 526 2169 non
536 2114 624 2181 venit,
636 2120 665 2171 et
676 2133 731 2173 sua
745 2132 803 2173 non
819 2117 870 2174 Dei
880 2134 925 2173 vo
978 2115 1156 2171 haberentur
1172 2114 1222 2187 qui
1238 2114 1449 2170 traderentur·
1463 2114 1498 2169 Et
1511 2113 1541 2168 in
1557 2111 1708 2187 psalmoq

101 2197 214 2254 mutate
228 2200 346 2270 recedit,
358 2200 399 2257 ita
413 2220 470 2258 non
486 2203 535 2260 Dei
547 2204 708 2269 voluntate,
720 2206 770 2261 sed
787 2223 840 2262 suo
853 2223 925 2262 eon·
981 2226 991 2253 ·
1006 2204 1079 2260 Cum
1095 2203 1181 2277 punit
1193 2203 1270 2259 Deus
1281 2207 1458 2276 peccatores,
1470 2218 1529 2258 non
1540 2199 1654 2257 malam
1666 2216 1708 2259 sut

101 2289 215 2360 tempto
231 2288 364 2361 quilibet,
377 2294 405 2346 et
419 2309 473 2348 saa
484 2292 664 2373 infidelifag,
676 2293 719 2349 vel
734 2294 868 2368 originali
881 2294 925 2351 vel
980 2293 1077 2362 infert,
1095 2295 1144 2349 sed
1163 2292 1248 2349 malis
1264 2308 1365 2348 eorum
1381 2308 1430 2347 eos
1443 2290 1576 2347 dimittit.
1592 2313 1603 2340 ι

102 2375 208 2432 actuali
238 2380 433 2451 perseveranti
463 2378 618 2453 iniquitate
646 2383 744 2455 perit:
762 2382 832 2456 quia
859 2384 925 2440 nolo
1016 2382 1063 2439 Sic
1078 2382 1229 2454 quoniam,
1255 2385 1288 2436 ut
1310 2381 1387 2436 idem
1412 2380 1553 2436 colendus
1577 2376 1708 2451 Augusti

103 2469 226 2522 mortem
238 2466 459 2536 morientis,sed
471 2474 503 2531 ut
513 2475 673 2528 revertatur
682 2472 926 2543 etvivat,Voritas
979 2471 1054 2528 libro
1064 2473 1100 2527 de
1110 2472 1189 2527 hono
1200 2469 1420 2543 perseverantiae
1432 2468 1512 2538 dicit,
1525 2467 1598 2524 nihil
1614 2468 1649 2524 fit
1662 2465 1708 2525 uie

102 2554 244 2611 veraciter
252 2555 316 2628 ipsa
324 2556 547 2632 dicitAlioquin
558 2559 686 2632 injustus
694 2561 772 2618 Deus
780 2561 830 2635 qui
840 2562 928 2618 infert
981 2567 1032 2618 aut
1046 2561 1123 2617 Deus
1138 2558 1355 2629 facit,autf1eri
1371 2558 1434 2632 ipse
1449 2556 1603 2630 permittit,
1613 2556 1708 2614 etGas

103 2643 188 2713 iram,
200 2646 327 2720 puniens
337 2663 386 2704 eus
400 2648 449 2720 qui
465 2648 573 2706 idcirco
589 2649 694 2707 salvari
709 2668 767 2707 non
782 2654 925 2725 poterant,
981 2668 1031 2706 rus
1046 2650 1076 2706 in
1092 2648 1205 2722 psalmo
1217 2647 1377 2704 contesimo
1389 2646 1473 2703 tertio
1484 2663 1511 2702 :a
1522 2644 1600 2702 Nihil
1611 2645 1694 2702 enim

104 2733 242 2806 quoniam
252 2751 302 2792 uos
310 2734 405 2792 salvos
416 2736 477 2793 ficri
489 2736 582 2794 noluit
591 2739 677 2811 cujus
685 2756 771 2796 nemo
781 2744 877 2813 potest
887 2757 927 2796 rc·
981 2757 1070 2812 quum
1084 2737 1146 2795 fiori
1157 2741 1262 2811 potest,
1273 2736 1329 2793 nisi
1339 2738 1417 2809 quod
1431 2736 1504 2808 ipse,
1513 2734 1585 2808 quin
1596 2735 1686 2803 Deus,
1697 2750 1708 2791 s

104 2822 207 2880 sistere
215 2824 426 2882 voluntatised
435 2826 511 2884 absit
519 2844 525 2883 :
533 2827 793 2901 quoniamounctis
802 2828 927 2886 salutem
977 2829 1090 2903 judicio
1101 2831 1152 2883 aut
1161 2827 1197 2883 ad
1209 2826 1475 2900 probationem,aut
1485 2825 1520 2881 ad
1532 2823 1708 2880 vindictuml

104 2912 283 2985 propositum
299 2918 328 2970 ct
343 2918 475 2988 parntem
490 2915 612 2973 humilis
624 2916 778 2987 humiliter
787 2918 927 2992 suscepit,
982 2918 1053 2974 dum
1078 2933 1142 2974 esse
1166 2914 1341 2989 permiserit.
1359 2914 1406 2971 Sic
1420 2919 1449 2970 et
1464 2913 1513 2969 alii
1530 2912 1650 2986 quidem
1675 2928 1708 2969 au

104 3018 194 3074 quum
208 3001 251 3058 illi
265 3004 343 3060 Deus
355 3005 438 3062 Pater
450 3023 505 3062 sua
519 3005 613 3080 gratia
626 3005 772 3074 revelavit,
783 3007 928 3081 superbus
982 3007 1086 3063 dicunt
1099 3005 1154 3061 hoc
1170 3005 1257 3061 modo
1271 3003 1436 3071 locutionis,
1449 3021 1466 3059 a
1480 3003 1538 3058 Deo
1554 3001 1660 3058 merito
1672 3016 1708 3058 ex

105 3094 217 3147 aterna
232 3093 296 3149 vites
310 3092 462 3168 indignum
480 3112 511 3152 se
522 3095 660 3167 judicans
670 3097 795 3168 superbe
810 3095 927 3169 repulit,
984 3096 1033 3168 qui
1048 3093 1143 3168 gratia
1156 3111 1213 3150 non
1224 3092 1440 3161 illuminantur,
1452 3091 1527 3147 tradi
1539 3090 1589 3163 qui
1601 3088 1708 3165 Justoj

105 3195 194 3250 quarn
210 3181 236 3237 ei
251 3181 349 3238 divina
359 3182 477 3256 justitia
492 3184 602 3257 peccati
616 3185 720 3241 merito
730 3189 759 3240 et
769 3183 875 3255 judicii
890 3183 931 3239 di·
947 3159 968 3226 C
984 3185 1169 3252 deseruntur,
1186 3182 1267 3239 allidi
1284 3183 1335 3254 qui
1360 3200 1418 3237 non
1443 3184 1656 3249 statuuntur31
1674 3183 1705 3237 et

106 3267 256 3326 strictione
266 3271 479 3340 abscunditum
491 3273 584 3346 gratia
595 3290 652 3329 non
663 3273 802 3341 ostendit,
813 3271 890 3329 sicut
899 3272 930 3327 in
985 3273 1128 3345 aliaque
1148 3272 1241 3329 saneti
1257 3270 1425 3345 Gregorius,
1439 3269 1613 3326 Ambrosius
1628 3273 1659 3325 et
1675 3268 1708 3327 ili

107 3354 267 3427 Scripturis
278 3356 428 3416 multoties
437 3360 595 3416 invonitur.
603 3360 684 3416 bade
693 3361 747 3416 sub
756 3359 930 3418 struthionis
985 3379 1053 3418 mus
1063 3361 1092 3417 in
1103 3361 1186 3418 libris
1197 3361 1325 3426 illorum,
1338 3366 1366 3416 et
1376 3361 1481 3416 beatus
1490 3357 1677 3431 Augustinus
1692 3357 1708 3415 it

108 3443 226 3500 nomine
241 3446 277 3501 de
292 3444 442 3519 hypocrita
467 3448 610 3521 scriptum
634 3454 679 3504 cst
696 3466 702 3504 :
723 3450 848 3505 l’rieouit
869 3466 932 3505 eum
985 3453 1044 3508 fato
1060 3450 1181 3519 librode
1194 3450 1292 3507 Gratia
1302 3454 1331 3505 ot
1346 3449 1437 3505 libero
1452 3448 1589 3515 Arbitrio,
1601 3453 1630 3504 ct
1646 3446 1708 3504 int

107 3532 178 3588 Deae
190 3535 476 3606 senionia,neciledit
488 3538 533 3593 itti
548 3538 824 3611 tutettipentiamflot
834 3557 929 3610 xxxix,
985 3540 1244 3597 Prodestinatione
1259 3538 1369 3611 gratiae,
1387 3544 1416 3593 et
1430 3536 1460 3592 in
1475 3537 1558 3593 libris
1573 3538 1609 3592 de
1625 3536 1708 3593 Prad

109 3623 163 3691 17).
179 3646 192 3672 υ
209 3622 281 3680 Hinc
305 3629 424 3683 sanctus
444 3626 601 3700 Gregorius
625 3628 654 3683 in
683 3626 757 3683 libro
781 3627 931 3702 trigesimo
986 3629 1063 3685 tione
1079 3632 1248 3684 sanctorum
1264 3644 1298 3681 ac
1314 3626 1392 3682 Bono
1409 3623 1640 3698 perseverantia,
1658 3623 1708 3680 eti

108 3712 236 3768 secundo
260 3713 415 3770 Moralium
431 3716 499 3788 (cop.
515 3717 543 3788 9)
563 3715 634 3772 dicit
649 3733 655 3772 :
671 3741 681 3766 «ι
700 3716 837 3782 Quamvis
854 3717 930 3774 ⁸85
986 3713 1372 3774 stolaadSixtumEociesiae
1382 3712 1708 3784 Romanaspresbytsru

110 3801 189 3857 aliud
204 3800 243 3857 sit
258 3802 381 3876 privare,
394 3802 474 3860 aliud
494 3822 551 3861 non
572 3806 651 3874 darc,
667 3804 834 3862 hortamen
850 3823 931 3878 repe·
987 3811 1084 3864 autem
1102 3803 1195 3877 ipsius
1220 3807 1326 3860 sanate
1352 3802 1430 3859 sedis
1449 3802 1627 3874 eoiscopum,
1640 3801 1707 3858 siau

109 3888 166 3958 tiit,
179 3889 331 3947 subdendo
355 3907 413 3947 non
429 3893 608 3966 dedit,quod
634 3893 775 3966 premisit
799 3894 931 3966 privavit.
987 3912 1078 3969 supra
1099 3892 1292 3959 ostendimus,
1308 3909 1375 3948 cum
1391 3892 1426 3947 de
1448 3892 1525 3947 vasis
1551 3890 1600 3945 irae
1624 3890 1708 3963 peris

109 3979 149 4033 Ac
164 3976 188 4033 si
204 3977 329 4036 diceret:
342 3982 420 4053 quod
435 3981 509 4038 dixit
528 3982 660 4055 privavit,
676 4000 734 4039 non
750 3983 864 4056 >inJusto
883 4000 933 4040 sa·
988 3984 1139 4041 interitum
1149 3982 1412 4055 loqueremur,qua
1422 3979 1538 4036 nonDei
1549 3979 1708 4052 praedestin

110 4066 251 4152 pientiam
276 4067 407 4140 abstulit,
433 4072 485 4128 sed
509 4073 592 4145 juste
620 4089 678 4128 non
703 4073 792 4129 dedit.
811 4072 891 4130 Unde
906 4077 935 4130 ct
988 4075 1039 4132 sed
1055 4072 1229 4146 paternave}
1247 4070 1364 4142 propria
1379 4068 1626 4141 prevaricatione,
1639 4084 1708 4125 uase

111 4156 271 4215 Pharaonis
285 4173 336 4216 cur
349 4159 492 4217 Dominus
502 4160 663 4218 obdurasse
678 4161 863 4230 describitur,
876 4180 933 4219 non
988 4167 1087 4237 aptata
1102 4160 1217 4218 suntad
1232 4159 1394 4217 interitum.
1408 4158 1489 4215 Unde
1500 4158 1594 4214 isdem
1604 4156 1708 4213 beatus

111 4247 188 4319 quod
205 4247 273 4321 ipse
289 4247 427 4306 duritiam
444 4250 577 4320 contulit,
594 4252 644 4307 sod
659 4252 736 4323 quod
751 4250 935 4325 exigentibus
989 4250 1124 4309 stinusin
1135 4246 1704 4304 librodeProdestiuationesanctorum

111 4339 175 4410 ejus
191 4339 305 4397 meritis
316 4340 398 4398 nulia
412 4340 483 4398 illud
495 4342 622 4415 desuper
636 4341 725 4399 infusi
741 4341 856 4400 timoris
872 4361 936 4400 sen·
989 4340 1059 4397 dicit
1076 4357 1100 4394 z«
1118 4338 1185 4409 Cur,
1201 4337 1349 4409 inquiens,
1367 4352 1435 4392 nom
1454 4352 1556 4390 ornnes
1571 4335 1689 4402 doceat,
1705 4353 1708 4388 ι

112 4426 251 4484 sibilitate
266 4429 399 4487 mollivit.
411 4454 425 4482 a
437 4431 473 4487 ut
483 4435 603 4488 sanctus
617 4433 800 4505 Augustinus
815 4431 845 4487 in
861 4431 935 4489 libro
989 4426 1145 4503 Apostolus
1156 4429 1300 4498 quantum
1311 4423 1501 4497 aperiendum
1514 4421 1708 4494 judicavit,Q

113 4512 149 4566 do
164 4514 264 4571 Gratia
287 4521 316 4573 et
337 4517 429 4575 libero
454 4519 580 4576 Arbitrio
595 4519 664 4594 (cap.
680 4522 727 4590 21)
743 4520 779 4576 ad
803 4519 934 4577 Valenti·
951 4528 974 4594 Ι)
991 4520 1048 4576 tens
1063 4518 1202 4575 comodere
1217 4517 1298 4581 irum,
1314 4522 1340 4570 et
1357 4513 1542 4569 dentriustrurc
1554 4513 1708 4584 potentium

114 4616 184 4655 num
208 4606 237 4658 et
260 4620 327 4660 cum
343 4623 377 4662 eo
397 4609 557 4665 monachos
573 4627 580 4664 :
596 4633 605 4658 ι
624 4609 727 4665 Pinum
751 4608 829 4666 cuim
852 4610 937 4666 debet
990 4609 1082 4665 aucti!
1096 4608 1125 4662 in
1140 4606 1227 4662 meles
1238 4605 1372 4676 patientie
1387 4618 1452 4658 ease
1467 4603 1519 4658 ine
1540 4616 1603 4673 que
1620 4601 1708 4674 perses

114 4703 178 4743 esse
193 4693 223 4745 et
238 4690 388 4750 immobile
403 4695 433 4750 iu
448 4698 534 4753 eorde
550 4701 655 4769 vestro,
668 4699 738 4770 quia
752 4716 811 4755 non
825 4703 870 4756 est
885 4699 938 4754 ini·
991 4698 1025 4754 od
1038 4696 1229 4770 perditionem,
1240 4701 1265 4750 et
1279 4701 1309 4749 ut
1322 4699 1398 4748 notra
1413 4694 1513 4763 fuceret
1526 4690 1638 4745 tlirrittos
1648 4690 1708 4761 plor

115 4776 213 4848 quitus
227 4779 304 4849 apud
325 4781 418 4838 Deum
435 4800 441 4839 :
459 4801 492 4840 ac
512 4803 563 4857 per
581 4786 637 4841 hoo
657 4788 774 4859 quando
793 4787 891 4862 legitis
906 4789 937 4844 in
992 4790 1020 4843 tn
1041 4803 1106 4842 vaco
1131 4782 1339 4848 mamertia,
1363 4797 1425 4851 pau
1445 4780 1615 4852 purpuravit
1643 4780 1674 4834 ia
1702 4799 1708 4851 ς

114 4863 219 4921 litteris
231 4866 397 4935 veritatis,a
409 4871 467 4927 Deo
478 4872 578 4958 seduci
589 4874 793 4944 homines,nut
802 4876 936 4948 obtundi,
991 4875 1194 4949 (fiam.1x,22).
1208 4872 1280 4928 ilinc
1295 4875 1339 4926 est
1354 4870 1430 4942 quod
1447 4868 1567 4924 verbum
1584 4867 1683 4925 crucis
1696 4884 1708 4941 ρ

115 4954 159 5010 vel
175 4954 311 5011 obdurari
327 4958 415 5013 eorda
434 4977 546 5029 uorum,
557 4961 647 5018 nolite
662 4962 797 5020 dubitare
811 4982 936 5038 praces-
991 4965 1071 5021 tibus
1081 4960 1428 5028 stultitiaest,hisautem
1439 4958 1489 5030 qui
1503 4956 1708 5015 salviliuntvir

116 5043 190 5101 sisse
200 5043 283 5100 mala
297 5045 401 5102 merila
415 5063 526 5116 eorum,
544 5054 577 5104 ut
593 5050 669 5121 iuste
685 5050 741 5107 ista
757 5056 935 5124 paterentur,
992 5057 1063 5109 est.»
1074 5054 1108 5109 At
1118 5051 1423 5125 postatiquanta(cop.
1433 5049 1461 5118 9)
1471 5065 1495 5103 :a
1508 5047 1708 5103 Curantemu

117 5151 153 5190 ne
168 5133 325 5191 incurratis
340 5134 370 5190 iu
385 5133 457 5191 illud
475 5136 659 5207 proverbium
675 5140 857 5199 Salomonis:
872 5145 941 5200 laet·
994 5142 1081 5198 nibus
1092 5143 1186 5209 detur,
1197 5140 1311 5196 fidelem
1323 5155 1438 5194 movero
1450 5154 1506 5192 non
1518 5135 1708 5208 debot,quior

114 5226 222 5296 pientio
235 5225 291 5280 oiri
304 5225 389 5282 uiolet
402 5225 460 5281 vicu
474 5227 543 5298 ejas,
559 5227 643 5283 ileum
657 5236 747 5285 ouban
766 5240 896 5288 causatur
909 5234 940 5288 in
994 5246 1052 5286 uno
1068 5244 1170 5285 omnes
1185 5229 1243 5284 isse
1259 5228 1287 5283 in
1303 5227 1574 5284 condemnationem
1590 5223 1655 5280 sine
1665 5224 1706 5280 du

116 5313 268 5370 cordetuo.
283 5337 294 5363 ν
308 5314 343 5370 ut
360 5312 390 5369 in
406 5313 508 5370 eodem
533 5317 599 5386 post
623 5316 773 5389 aliquanta
787 5323 856 5393 (cop.
872 5321 937 5389 23):
994 5319 1167 5385 stissimam,
1180 5318 1221 5372 ita
1233 5320 1264 5372 ut
1279 5317 1360 5372 nulla
1370 5321 1446 5372 esset
1460 5315 1510 5371 Dei
1521 5316 1604 5385 justa
1619 5312 1708 5386 reprcl

120 5425 134 5454 «
145 5405 264 5469 Quando
276 5419 344 5478 ergo
359 5401 625 5460 auditisdiceutem
636 5404 805 5476 Dominum,
819 5409 873 5480 Epo
887 5411 939 5466 lto-
994 5407 1109 5465 etiamsi
1128 5405 1229 5461 nullus
1247 5406 1315 5462 inde
1335 5406 1516 5473 liberaretur,
1530 5404 1608 5458 unde
1624 5406 1708 5459 coust

117 5493 211 5548 enixius
229 5492 328 5551 seduxi
348 5492 507 5567 prophetem
529 5491 610 5547 illum
621 5492 726 5565 (doech.
738 5498 806 5564 mv),
819 5501 847 5553 ut
862 5500 940 5570 quod
994 5513 1083 5571 gnam
1094 5512 1158 5551 esse
1173 5495 1298 5568 gratiam
1310 5497 1385 5568 quod
1403 5493 1523 5568 plurimi
1538 5492 1708 5549 liberantur.

119 5579 161 5637 ait
173 5583 340 5653 Apostolus,
352 5585 429 5659 eujus
444 5583 502 5640 uult
520 5583 673 5652 miseretur,
688 5589 808 5657 siquem
821 5587 879 5644 uult
895 5590 940 5643 tn·
994 5582 1708 5660 epistolaadpraefatumSixtumpresbyterum(epi
