3810 6098
141 295 206 362 tot
613 293 805 360 stabulat
827 290 1053 356 RHEMENSIS
1075 288 1385 357 ascuturtscorr.
1790 293 1852 358 ἔω

147 431 209 490 rari
233 428 385 504 apostolici
409 429 517 501 vigoris
536 429 709 486 anctoritate
730 425 922 484 censemus.»
938 426 973 480 lit
986 423 1115 497 ttatque
1130 426 1167 481 ad
1177 425 1351 482 catholicam
1362 425 1461 492 fidem,
1472 429 1562 498 quarn
1573 426 1637 499 jara
1653 424 1769 499 pridem
1779 426 1853 483 arni·

146 523 215 592 post
229 517 381 590 aliquanta
397 533 421 571 :c
436 517 580 573 labemus
596 533 675 579 sane.
687 513 973 589 quoniamChristus
1028 519 1137 581 serant,
1166 520 1283 571 rursum
1312 515 1416 571 reverti
1444 516 1589 587 ambiunt,
1612 516 1696 588 prius
1724 521 1853 572 errorem

149 606 292 666 Dominus
308 610 408 661 noster
421 605 539 678 propria
549 621 618 661 voce
628 604 755 677 signavit
767 604 843 660 nolle
855 621 886 660 se
897 614 973 659 mor·
1027 619 1116 658 suurn
1131 608 1161 659 et
1175 603 1255 675 ipsos
1276 603 1382 659 erroris
1406 608 1538 660 auctores
1562 603 1696 661 damnari
1711 622 1729 660 a
1744 621 1777 661 ae
1790 605 1855 662 sine

148 701 207 754 tem
224 695 387 761 morientis,
399 697 514 751 tanturn
526 699 559 750 ut
570 698 730 750 revertatur
740 699 769 749 et
779 694 865 759 vivat,
878 693 902 748 si
920 709 973 747 un-
1028 692 1220 764 arnbiguitate
1236 692 1392 759 fateantur,
1408 697 1436 748 at
1459 692 1596 749 sensibus
1619 693 1717 766 pravis
1740 693 1855 750 dudum

141 795 237 859 ‘quam
253 784 288 839 ad
305 800 409 840 sanum
421 783 552 855 deposito
568 783 648 855 pravi
659 782 805 855 dogmatis
820 799 917 838 errore
927 798 974 837 re·
1028 780 1440 853 peremptis‚nullaaspirandi
1451 781 1579 854 supersit
1587 781 1753 848 occasione
1761 781 1854 838 ullum

146 871 716 945 sipuerint,damnarintquoeoquorum
728 887 760 926 se
771 869 827 942 ipsi
838 869 972 941 praevari·
1028 869 1193 925 membrum
1210 869 1314 926 talium
1331 875 1429 941 posset
1443 871 1581 927 societate
1593 869 1708 938 violari,
1719 880 1789 928 cum
1805 889 1856 944 per

148 962 262 1018 batione
276 962 465 1024 damnarunt,
477 961 520 1016 eis
535 959 711 1016 medicinam
731 958 859 1026 solitam,
872 957 900 1014 id
916 963 973 1024 est,
1023 958 1127 1015 'omnia
1142 958 1201 1014 illis
1216 959 1358 1030 professio
1371 958 1488 1030 propria
1503 960 1624 1032 coeperit
1633 960 1763 1017 obviare.
1772 960 1855 1018 Circa

148 1049 365 1124 receptaculum
377 1066 464 1105 suum
476 1050 511 1104 ab
522 1047 650 1104 Ecclesia
664 1065 721 1103 non
734 1047 844 1120 negari,
856 1064 891 1103 nc
902 1048 973 1103 dum
1023 1060 1103 1118 'quos
1113 1046 1193 1102 illam
1205 1056 1351 1103 canonum
1359 1047 1598 1105 constitutionem
1610 1048 1799 1121 praecipimus
1809 1059 1854 1106 cu·

148 1152 199 1196 eos
215 1139 370 1196 redeuntes
385 1138 505 1193 forsitan
524 1136 724 1209 prohibemus,
735 1154 801 1193 vere
811 1136 975 1193 ostreorile
1028 1135 1141 1202 stodiri,
1154 1142 1188 1192 ut
1203 1136 1232 1192 in
1246 1152 1352 1209 magno
1368 1136 1495 1194 habeant
1506 1136 1657 1209 beneficio,
1669 1138 1706 1210 si,
1718 1139 1854 1211 adempta

141 1230 333 1290 ‘remanentes
345 1224 540 1298 exspectantis
555 1225 649 1281 hostis
662 1225 755 1282 rabidi
767 1225 903 1282 faucibus
913 1225 975 1298 glu·
1028 1224 1084 1282 sibi
1100 1224 1180 1280 omni
1195 1233 1246 1296 spo
1267 1224 1470 1297 promotionis,
1488 1225 1518 1281 in
1531 1234 1590 1297 quo
1604 1225 1797 1284 inveniuntur
1808 1237 1853 1285 or

146 1317 270 1384 riantur,
286 1333 361 1388 quos
376 1314 405 1370 in
421 1312 588 1385 semetipsis
602 1312 726 1385 spiculis
741 1314 824 1370 male
840 1314 974 1387 disputa·
1028 1312 1096 1369 dine
1113 1320 1253 1386 perpetua
1262 1312 1421 1370 stabilitate
1437 1319 1637 1386 permaneant,
1648 1314 1674 1373 si
1689 1320 1792 1372 temen
1807 1316 1854 1374 ito

148 1405 238 1463 tionis
265 1407 453 1460 armarunt.'»
466 1404 502 1459 ut
530 1407 650 1459 sanctus
679 1401 836 1476 Gregorius
858 1403 974 1470 Quirino
1028 1406 1099 1459 rats
1114 1402 1265 1460 tinctionis
1275 1401 1497 1475 sacrilagto'noir
1509 1402 1852 1463 fuerint'nraculati.lfon

143 1493 305 1552 ‘stratoris
325 1491 469 1564 episeopis
485 1490 638 1548 'catholicis
663 1491 692 1548 in
717 1490 928 1563 Hiberniattib.
944 1510 972 1559 x,
1028 1489 1121 1548 levem
1136 1490 1214 1549 enim
1230 1492 1306 1564 apud
1318 1491 1477 1548 Dominum
1488 1501 1594 1549 noxam
1606 1492 1744 1565 incurrit,
1754 1494 1853 1567 quido
1884 1492 1888 1498 ’

148 1583 329 1654 operetta«
348 1579 555 1652 Quicunquea
579 1589 713 1652 perverso
729 1595 826 1638 errore
849 1580 974 1638 Nestorii
1027 1579 1137 1635 talibus
1153 1580 1190 1636 ad
1216 1589 1314 1636 sacros
1329 1579 1446 1636 ordines
1468 1582 1701 1652 promovendum
1727 1581 1853 1655 aliquem

148 1673 348 1734 manduntur,
378 1685 476 1725 coram
511 1675 614 1725 sancta
648 1669 839 1727 fraternitatis
872 1674 973 1726 vestre
1023 1669 1306 1741 judicaritQuodsi
1322 1685 1389 1725 cum
1406 1668 1853 1742 grendi'examlnuticneeouoe

148 1756 374 1831 congregatione
390 1757 547 1825 fateantur,
563 1759 701 1815 eumdem
723 1759 890 1817 Nestorium
906 1776 973 1816 oum
1028 1757 1110 1813 ditur
1125 1757 1292 1830 inculpatis,
1305 1756 1399 1814 multo
1415 1758 1510 1831 magis
1521 1774 1579 1814 non
1592 1759 1698 1816 debeat
1712 1758 1855 1818 licercsu·

147 1846 288 1907 omnibus
304 1847 367 1904 suis
382 1847 569 1919 sequacibus,
580 1863 613 1903 ao
626 1846 756 1920 reliquas
770 1849 897 1905 hereses
909 1866 976 1905 ana·
1028 1846 1148 1917 spectio.
1166 1845 1289 1902 Proinde
1303 1845 1421 1902 dilectio
1436 1851 1497 1902 tua.
1513 1846 1599 1918 cujas
1614 1847 1771 1915 devotione
1783 1862 1854 1921 gau'·

148 1936 374 1993 thematizantes
391 1953 398 1992 :
413 1935 595 1993 venerandas
612 1943 730 2008 quoque
746 1938 885 2010 synodos,
900 1953 974 2010 quas
1029 1935 1146 2000 demna,
1152 1936 1259 2007 jungat
1270 1951 1370 1990 curam
1381 1952 1467 1991 suam
1477 1934 1722 2007 dispositionibus
1736 1938 1854 2005 ansuis,

149 2023 324 2084 universalis
350 2022 480 2080 Ecclesia
508 2023 620 2096 recipit,
643 2025 770 2096 recipere
793 2030 822 2082 et
844 2027 976 2083 venerari
1028 2025 1116 2080 etdet
1127 2041 1244 2097 operam
1255 2029 1288 2080 ut
1299 2023 1552 2095 circumspectare
1563 2024 1700 2081 velociter
1711 2017 1854 2099 impleas·

144 2115 333 2187 promittant,
348 2118 376 2169 et
386 2113 497 2186 absque
510 2111 570 2168 nlla
580 2112 762 2170 dubitatione
772 2114 916 2172 sanctitas
925 2133 975 2171 eos
1028 2115 1077 2167 tur
1091 2130 1154 2185 que
1165 2113 1201 2169 ad
1213 2113 1304 2170 totius
1315 2112 1448 2170 Ecclesia
1462 2111 1696 2171 incolumitatem
1711 2120 1741 2172 et
1754 2114 1854 2173 lauda·

148 2208 256 2268 vestra,
268 2202 391 2259 servatis
416 2202 441 2257 ei
464 2202 591 2274 propriis
611 2203 774 2260 ordinibus.
786 2204 816 2258 in
830 2221 884 2261 suc
899 2210 975 2260 oratu
1028 2200 1127 2256 biliter
1147 2206 1286 2274 suggesta
1301 2205 1380 2267 suut,
1397 2205 1426 2257 et
1451 2200 1610 2258 salubriter
1629 2203 1777 2260 ordinata.
1793 2205 1855 2262 Non

146 2290 297 2364 recipiat»)
310 2293 347 2348 Et
369 2292 399 2347 in
423 2291 585 2347 canonibus
601 2292 716 2348 abesto
740 2292 865 2349 llla'rtirio
887 2292 974 2349 colle·
1029 2294 1127 2346 autern
1143 2289 1256 2346 dubitet
1267 2289 1381 2345 dilectio
1394 2295 1444 2346 tua
1459 2307 1523 2361 nos,
1535 2289 1650 2363 siquod
1662 2309 1724 2351 non
1736 2293 1855 2350 arbitra·

149 2380 216 2448 ctis,
233 2380 328 2454 capite
351 2379 503 2451 trigesimo
528 2385 608 2436 sexto
623 2382 660 2437 fle
677 2381 826 2453 purganda
847 2383 976 2454 opinione
1027 2395 1097 2434 mur
1111 2379 1242 2450 neglecta
1257 2379 1365 2435 fuerint
1375 2394 1440 2450 qua
1450 2396 1502 2451 pro
1517 2379 1653 2436 custodia
1667 2386 1856 2440 canormruet

149 2470 264 2529 haeresis
278 2488 306 2524 s«
320 2469 350 2526 si
366 2468 433 2541 quis
447 2468 613 2541 episcopus,
630 2468 689 2525 sivo
705 2469 831 2543 alicujus
846 2471 975 2544 episcopi
1029 2483 1081 2539 pro
1096 2467 1163 2523 frdei
1178 2467 1344 2539 integritate
1356 2468 1553 2534 decernimus,
1565 2468 1856 2528 vehementiuscom·

60 2624 63 2629 .
135 2546 368 2631 'presbytenaut
378 2557 529 2624 dianonus,
537 2558 567 2614 in
575 2557 702 2628 alicuius
710 2557 830 2616 heresis
838 2560 976 2632 opinione
1028 2556 1270 2628 movendos,quia
1278 2555 1450 2613 inferiorum
1461 2556 1597 2613 ordinum
1608 2556 1702 2630 culpa
1713 2558 1750 2615 ad
1759 2558 1856 2621 norbo

142 2647 313 2724 offenderit,
325 2646 401 2703 etob
412 2646 487 2703 hane
497 2663 617 2704 causam
635 2647 722 2705 fuerit
736 2649 974 2705 excommunica·
1028 2643 1123 2716 magis
1139 2644 1294 2701 referenda
1310 2649 1389 2712 sunt,
1401 2662 1492 2717 quarn
1512 2645 1547 2702 ad
1569 2645 1687 2702 desides
1705 2647 1855 2721 negligen-

149 2739 208 2802 tus,
225 2734 325 2795 nullus
339 2734 494 2807 episcopus
510 2752 578 2793 eura
600 2736 629 2791 in
645 2737 883 2794 communionem
899 2739 974 2794 reci·
1028 2735 1131 2805 tesqua
1141 2733 1337 2806 rectores,qui
1349 2733 1473 2789 multam
1485 2749 1561 2807 sepe
1572 2733 1709 2790 nauiunt
1719 2736 1856 2808 postilen-

145 2823 220 2896 piat,
231 2822 287 2880 nisi
305 2823 388 2896 prius
407 2822 435 2878 in
452 2822 601 2879 communi
617 2822 751 2891 concilio,
763 2830 895 2898 porrecto
905 2826 974 2883 fidoi
1028 2821 1110 2890 tiam,
1122 2822 1193 2877 dam
1209 2822 1405 2879 necessariam
1415 2821 1606 2879 dissimulant
1616 2822 1756 2882 adhibere
1766 2825 1857 2881 medi·

145 2929 207 2972 suae
217 2912 324 2980 libello,
337 2911 684 2980 satisfaciatomnibus,et
694 2913 865 2971 italibernm
877 2919 975 2973 teneat
1026 2909 1154 2966 cinam.»
1162 2912 1234 2967 ltem
1246 2911 1275 2966 in
1287 2910 1411 2982 epistola
1421 2911 1458 2966 ad
1475 2911 1657 2968 Marcianum
1669 2913 1706 2970 de
1718 2912 1856 2987 episeopo

147 3019 232 3060 suam
249 3001 463 3076 purgationem.
476 3001 535 3058 lloo
549 2999 628 3059 idern
643 3007 673 3058 et
688 3003 724 3058 de
739 3002 875 3061 fidelibus
890 3004 974 3062 laicis
1027 2998 1350 3072 Constantinopolitano
1364 3001 1455 3071 (epist.
1472 3017 1492 3067 r,
1510 3001 1552 3072 lt)
1565 3016 1573 3055 ε
1586 3023 1599 3050 r
1617 3001 1789 3058 Fraternnm
1812 3001 1856 3059 ilii

146 3091 356 3151 sitdoorornm.
368 3091 393 3147 si
404 3090 433 3146 in
445 3090 576 3162 ntiquom
586 3090 707 3147 boresio
717 3092 902 3164 opionionem
915 3095 973 3150 sno·
1027 3087 1200 3144 oharinron
1215 3105 1273 3144 non
1288 3087 1372 3144 aliter
1388 3088 1549 3160 poterimus
1571 3088 1752 3161 inpendero,
1764 3106 1855 3162 qaam

146 3178 657 3240 rintnominati.»0standuntetism
667 3179 746 3236 huuc
757 3186 886 3237 tenorem
897 3160 1008 3246 rene-(l
1028 3181 1062 3234 ut
1074 3176 1256 3234 seinirnicos
1279 3177 1427 3235 catholice
1442 3177 1511 3234 frdsi
1534 3178 1675 3250 approbet
1697 3180 1854 3248 exsecrari,

145 3266 255 3340 ptionis
271 3267 369 3323 forrare
392 3265 571 3336 libellorum,
587 3266 699 3323 scilicet
721 3267 810 3325 unius
825 3285 912 3341 quern
928 3270 973 3326 di·
1020 3267 1150 3347 ,eJ'usquc
1164 3284 1182 3322 a
1196 3284 1228 3322 se
1247 3266 1428 3324 consortium
1442 3283 1531 3339 quem
1552 3266 1655 3323 merito
1674 3268 1785 3340 abjecit
1801 3270 1855 3326 ιώ·

145 3355 221 3412 serit
244 3355 323 3426 Papa
346 3354 490 3423 Damasus
513 3354 549 3410 ad
575 3354 730 3411 Paulinum
756 3356 972 3415 Antiochenam
1027 3353 1122 3410 scidat
1134 3371 1142 3409 ι
1154 3355 1204 3426 qui
1215 3355 1330 3411 etiamsi
1342 3372 1450 3428 inagna
1463 3355 1567 3412 fuisset
1576 3355 1778 3414 satisfactione
1788 3375 1856 3430 pur-

146 3445 236 3514 (epr'st.
249 3443 285 3512 ll,
297 3442 342 3500 cui
355 3443 432 3499 ssa
442 3441 660 3498 subscribentes
673 3444 972 3516 reciperenturhlaoe·
1026 3450 1123 3515 gatus,
1136 3445 1213 3500 m
1228 3451 1294 3516 post
1309 3444 1433 3500 dubium
1448 3449 1547 3500 tamen
1561 3460 1689 3501 errorem
1704 3461 1853 3516 reversus,

144 3531 275 3599 doniani,
291 3536 321 3588 et
346 3529 532 3600 Eunomiani,
551 3534 580 3588 et
600 3530 823 3605 Apollinarista.
844 3533 972 3594 Alterius
1026 3531 1178 3599 catholicis
1189 3533 1321 3590 diaconis
1334 3532 1472 3606 postponi
1487 3533 1598 3602 debuit,
1610 3549 1667 3591 non
1683 3535 1851 3606 proponi.»

144 3636 232 3694 quern
246 3619 353 3679 direxit
369 3620 429 3677 'Deo
445 3618 533 3691 (epist.
545 3619 589 3691 ts)
600 3619 637 3675 ad
653 3622 799 3693 synodum
813 3623 970 3681 chalcedo·
1025 3621 1061 3679 ut
1075 3620 1105 3677 in
1120 3621 1244 3693 epistola
1258 3622 1294 3678 ad
1310 3621 1493 3680 Pulcheriam
1502 3625 1665 3695 Augustam
1679 3624 1771 3695 lepras.
1786 3625 1853 3697 53):

144 3725 266 3767 nensem
279 3707 327 3765 cui
344 3706 563 3765 subscribentes
585 3711 784 3782 reciperentur
806 3712 971 3770 Nestoricni
1026 3733 1040 3761 o
1057 3709 1087 3764 Si
1103 3725 1171 3784 ergo
1185 3709 1341 3767 clementie
1354 3716 1450 3768 vestra
1469 3710 1652 3784 propositum
1668 3726 1770 3776 meum
1783 3730 1854 3770 0011·

88 3837 91 3841 ,
144 3803 173 3864 at
182 3796 366 3870 Eutychiani.
378 3795 538 3860 fertitem
549 3801 680 3869 ternpore
689 3798 972 3870 Coelestiuifsubscri-
1025 3797 1154 3855 siderare
1168 3798 1316 3871 dignetur,
1328 3798 1463 3872 probabit
1486 3815 1533 3856 me
1547 3815 1582 3855 ao
1599 3797 1722 3856 consilio
1745 3805 1854 3861 eunde

144 3885 247 3941 bentes
258 3884 456 3956 reciperentur
467 3885 727 3955 Prodestinatiani‚
740 3889 787 3958 cuj
792 3903 884 3961 usque
893 3895 972 3948 terro·
1024 3887 1207 3960 gessissent
1222 3887 1285 3944 sine
1295 3889 1472 3960 cujusquam
1481 3888 1587 3945 anima
1596 3887 1786 3957 detrimenta,
1797 3888 1855 3946 ha-

144 3989 216 4039 rem,
233 3959 310 4032 sicut
331 3973 458 4028 Lucidus
478 3974 628 4047 presbyter
641 3990 709 4032 eum
724 3977 852 4047 porrexit
871 3977 899 4033 in
921 3997 971 4052 sy·
1025 3992 1123 4032 roseos
1135 3976 1696 4043 tantumobtineretureastinctio,etob
1707 3976 1764 4034 hoo
1775 3977 1854 4035 eirca

143 4061 220 4127 uodo
235 4060 394 4129 Gallicana,
410 4079 501 4134 supra
513 4061 678 4134 posuimus.
692 4064 802 4130 Quarti,
815 4080 903 4136 quern
912 4068 972 4123 edi·
1024 4069 1159 4121 auctores
1174 4064 1400 4131 sevissimorum
1413 4065 1565 4120 turbinum
1575 4065 1718 4137 quiddam
1729 4082 1854 4124 consue·

142 4149 186 4206 dit
200 4154 321 4207 sanctus
335 4149 493 4224 Gregorius
503 4150 564 4218 (lib.
578 4169 605 4218 x,
617 4152 695 4223 epist.
711 4151 767 4224 30),
780 4153 829 4210 cui
842 4156 973 4216 subscri·
1023 4152 1136 4210 tudinis
1150 4153 1305 4220 minuisse,
1317 4159 1349 4209 ut
1360 4153 1397 4210 ad
1411 4152 1626 4225 indulgentiam
1641 4153 1852 4226 postulandam

142 4239 245 4297 bootes
260 4239 460 4311 reciperentur
475 4239 666 4297 schismatici.
1024 4243 1249 4314 compunctione
1259 4242 1359 4315 aliqua
1368 4241 1571 4314 possiteorum
1582 4242 1852 4307 tarditasexcitsri.

176 4328 329 4395 lllll.0ua
355 4328 523 4393 conditione
551 4329 765 4400 resipiscentes,
789 4334 817 4386 et
845 4330 971 4390 libellari
1024 4329 1850 4406 Quietsipostilludjudioiumsuumtumimpiumquem

143 4416 343 4473 satisfactione
358 4434 389 4473 sc
409 4416 543 4474 Ecclesia
567 4416 674 4473 unitati
698 4418 863 4486 reddentes,
879 4421 969 4493 recipi
1024 4417 1178 4489 injustum,
1192 4438 1249 4476 nou
1265 4425 1334 4476 sunt
1348 4419 1498 4477 catholice
1512 4419 1688 4476 fraternitati
1703 4420 1748 4476 ita
1761 4420 1851 4479 bono

141 4505 277 4570 debeant,
288 4503 358 4561 item
374 4504 478 4562 beatus
495 4506 553 4566 Leo,
567 4505 596 4560 in
612 4504 735 4577 epistola
745 4507 782 4563 ad
795 4506 968 4567 Janucrium
983 4527 1007 4593 g
1023 4506 1130 4564 rabiles
1142 4513 1174 4564 ut
1184 4507 1597 4573 fueruntsuastamenadbnc
1607 4508 1849 4577 aedosobrinont

141 4592 312 4663 episcopum
334 4594 423 4664 (epist.
444 4595 462 4648 3
480 4593 515 4650 od
533 4595 616 4664 episc.
633 4594 967 4666 somersetentem·
988 4595 991 4598 ’
1023 4599 1052 4652 at
1064 4597 1250 4670 episcopatus
1265 4598 1311 4655 sui
1326 4598 1435 4654 honore
1450 4597 1676 4670 potiuntur,aut
1689 4614 1742 4670 per
1752 4613 1851 4656 ueram

142 4679 208 4736 ticis
222 4685 251 4737 et
265 4679 463 4739 schismaticis
476 4681 518 4738 ita
532 4682 663 4738 decernit
677 4683 778 4741 dicans
791 4701 815 4739 z«
832 4685 968 4745 Dilectio·
1022 4688 1052 4740 et
1061 4686 1255 4742 necessariam
1271 4686 1502 4743 satisfactionem
1518 4702 1621 4759 pacem
1636 4687 1737 4758 potius
1751 4687 1850 4745 Eccle-

142 4783 220 4834 uem,
237 4767 346 4840 inquit,
361 4773 443 4826 tuam
464 4768 603 4827 duximus
623 4773 877 4842 commonendam,
894 4775 968 4832 iusi·
1022 4773 1072 4830 sia
1088 4775 1242 4848 recepturi,
1254 4779 1305 4829 aut
1319 4773 1344 4831 si
1359 4774 1505 4844 heresim,
1516 4774 1595 4847 quod
1616 4774 1705 4844 absit,
1716 4778 1848 4845 tueatur,

141 4861 268 4915 ouantes
278 4857 315 4914 od
326 4856 429 4913 anima
442 4858 603 4930 periculum
614 4860 797 4932 pertinerem
809 4862 966 4935 quisquam
1022 4862 1212 4935 professionis
1231 4880 1290 4919 sura
1311 4861 1372 4918 sint
1389 4863 1493 4921 merito
1508 4862 1674 4934 judicandi.
1687 4885 1701 4914 a
1713 4864 1768 4921 His
1782 4880 1848 4922 sen-

141 4945 177 5003 de
187 4944 233 5000 bis
244 4944 295 5017 qui
306 4961 323 4999 a
333 4946 417 5002 nobis
433 4947 462 5002 in
478 4945 681 5004 hereticorum
697 4953 783 5020 atque
796 4949 965 5008 schismati·
1020 4951 1121 5008 tentiis
1133 4953 1353 5019 attendendum,
1364 4952 1434 5025 quia
1444 4953 1480 5009 ab
1496 4952 1600 5010 heresi
1615 4956 1806 5021 revertentes,
1820 4958 1852 5011 st

140 5035 966 5110 corumseotamdelapsusest,etsoutcunquoharetiea
1021 5057 1072 5112 per
1087 5038 1246 5097 libellarem
1272 5040 1502 5098 satisfactionem
1516 5057 1586 5098 cum
1610 5039 1758 5098 cellaolica
1776 5059 1849 5115 pro·

140 5122 358 5179 communionis
373 5124 545 5195 contagione
563 5124 729 5192 macularit,
746 5125 921 5198 resipiscens
936 5129 966 5186 in
1021 5127 1148 5184 fossione
1163 5128 1287 5185 debeant
1311 5128 1411 5202 recipi,
1425 5134 1457 5185 et
1481 5129 1519 5188 ab
1538 5129 1714 5200 ordineque
1735 5129 1847 5188 inventi

139 5211 348 5268 communione
370 5213 515 5270 catholiea
538 5213 602 5270 sine
625 5213 805 5286 professione
827 5216 966 5289 legitimae
1020 5216 1130 5274 fuerint
1145 5233 1203 5272 non
1218 5219 1342 5287 debeant
1356 5218 1530 5291 promoveri,
1541 5219 1592 5276 aad
1603 5223 1632 5274 et
1642 5218 1743 5276 minue
1759 5220 1850 5277 hono·

140 5299 351 5357 satisfactionis
365 5301 516 5358 habeatur.
533 5301 766 5359 Salnbonimum
781 5305 860 5361 enirn
876 5311 967 5374 ost,et
1020 5305 1128 5362 nabiles
1140 5322 1229 5378 quam
1244 5305 1273 5361 in
1288 5307 1432 5364 catholica
1446 5294 1636 5380 persistentes
1649 5308 1851 5367 ostenduntur

139 5387 281 5459 spiritalis
304 5390 455 5446 medicine
479 5389 607 5446 utilitate
630 5389 891 5462 plenissimum,ut
905 5393 966 5450 sive
1019 5391 1132 5449 baberi.

139 5476 383 5548 presbyteri‚sivo
397 5477 524 5545 diaconi,
539 5476 599 5533 siro
613 5477 846 5546 subdiaconi,vel
861 5482 965 5552 errius-
1056 5480 1099 5537 lli.
1116 5482 1188 5537 ltern
1211 5482 1246 5538 de
1267 5482 1314 5539 his
1338 5484 1387 5557 qui
1411 5485 1480 5543 fidei
1504 5483 1653 5544 catholice
1677 5483 1723 5541 vol
1746 5484 1848 5544 libello

138 5560 210 5619 libet
223 5564 338 5631 ,ordinis
351 5565 522 5637 clerici,qui
538 5581 570 5623 se
588 5569 732 5622 correctos
746 5566 836 5623 videri
852 5567 963 5638 volunt,
1019 5574 1150 5642 porrecto
1170 5569 1200 5626 in
1224 5573 1335 5643 synodo
1364 5574 1615 5647 subscripserunt,
1635 5579 1665 5631 et
1689 5576 1855 5648 postaamd
