3810 6098
91 304 151 374 m
563 308 758 376 suuntur
781 310 1006 376 ananensis
1029 313 1326 380 secuturiscort
1736 316 1803 381 'm

89 450 160 524 jara
173 444 496 524 nuptiarum-sipontus
506 449 566 508 sint
576 450 652 507 inter
666 469 698 508 se
712 452 853 525 conjuges
863 451 912 524 qui
927 447 954 515 Α
969 449 1020 506 sad
1036 454 1133 508 tamen
1148 453 1172 508 si
1190 452 1263 509 torte
1277 453 1313 509 ad
1330 456 1447 527 tempus
1463 452 1596 511 adhibita
1615 447 1799 522 concubitu,

94 538 131 597 ab
146 539 286 596 alterutro
299 540 436 613 separati,
453 556 542 614 qaam
559 557 627 598 cum
651 541 698 598 his
723 543 831 614 quibus
849 541 916 599 aliis
970 539 1046 595 ilios
1061 540 1139 597 solos
1155 557 1189 597 ex
1202 543 1304 598 eadem
1320 543 1526 600 commistione
1540 542 1719 616 quasiverit,
1747 555 1802 599 nee

94 629 288 686 maerent.
301 629 374 686 Cum
391 629 456 686 aliis
469 631 577 704 quippe
591 631 716 688 adulteri
733 648 790 688 non
807 637 914 699 assent,
970 629 1028 685 ista
1038 629 1079 686 sic
1094 631 1262 704 conjunctio
1277 632 1321 687 vel
1336 649 1437 689 eorum
1463 631 1576 707 nuptiis
1599 631 1816 706 preponenda.

95 713 200 774 nisied
216 717 389 774 alterutrum
403 721 543 794 conjuges
557 725 770 793 permanerent.
788 721 917 792 Denique
970 722 1024 786 est,
1050 736 1114 792 qua
1137 719 1248 777 veniale
1276 721 1347 777 illud
1372 727 1539 795 operantur.
1556 722 1629 790 Quid
1655 721 1740 777 enim
1763 720 1840 782 sik

94 809 212 862 mnino
223 804 296 872 viro,
311 805 355 862 vel
371 807 560 874 seminarum
576 824 633 880 quo
648 808 690 863 vei
706 825 773 862 cunr
798 824 857 878 qua
870 824 916 863 ve·
971 809 1400 880 nuptiarum,aonsiderandnm
1416 817 1470 880 est,
1487 829 1544 869 non
1559 811 1609 885 qui
1620 810 1815 869 nubentium

95 901 161 948 rem
176 895 356 955 sonnatium
372 896 436 965 tuit,
452 895 514 952 fieri
528 913 629 953 verum
646 897 823 953 connubium
837 896 918 966 (non)
971 900 1000 952 et
1014 897 1236 956 immoderatius
1260 901 1371 972 nuptiis
1390 902 1545 958 utentium.
1562 898 1762 974 Nequessanim
1777 901 1821 960 si

95 986 192 1054 potest
206 994 275 1038 eum
289 1000 346 1056 quo
355 984 474 1040 valeam
486 986 634 1057 quaprius
646 986 822 1042 adulterium
833 985 916 1041 tuit.»
972 987 1050 1059 agris
1064 987 1207 1060 iniquesc
1215 1005 1366 1062 perperam
1378 990 1536 1047 invasisita
1547 990 1675 1063 quisquo
1687 993 1806 1058 statur,

94 1061 236 1127 inclinet
249 1070 275 1127 si
288 1073 487 1147 augustimum
502 1073 621 1130 babitus
636 1074 795 1146 religionis,
808 1075 849 1130 vel
862 1075 918 1129 im·
972 1079 1005 1130 at
1017 1091 1051 1130 ex
1065 1093 1167 1132 eorum
1186 1078 1329 1135 fructibus
1353 1079 1451 1152 largas
1474 1079 1677 1152 eleemosynas
1700 1068 1807 1148 iaciat,

94 1163 237 1236 pudicitia
248 1163 370 1234 pessimi
385 1162 528 1229 criminis,
544 1164 604 1219 sivo
619 1163 730 1237 aliquid
746 1164 918 1235 hujusmodi
972 1163 1036 1221 ideo
1051 1165 1185 1238 rapinum
1196 1167 1352 1238 justificat.
1368 1169 1469 1240 Neque
1483 1169 1574 1236 enim,
1590 1168 1615 1224 si
1642 1166 1723 1224 alius
1742 1170 1802 1223 ruri

97 1261 155 1309 nair
170 1247 325 1308 obstiterit.
341 1253 377 1306 itt
389 1251 460 1307 item
477 1252 527 1308 ubi
542 1269 633 1325 supra
655 1253 837 1327 Augustinus
853 1254 917 1320 (iiii-
973 1257 1093 1326 paterno
1108 1255 1151 1311 vei
1167 1256 1248 1327 juste
1272 1256 1394 1328 quaesito
1416 1273 1522 1313 avarus
1545 1257 1714 1323 incumbat,
1739 1255 1798 1312 idco

96 1344 172 1412 dnn)
185 1359 211 1398 :c
221 1343 264 1397 lta
279 1344 378 1397 manet
391 1342 479 1397 etium
495 1341 572 1399 inter
585 1343 842 1415 virentesquidam
853 1360 919 1400 oon-
973 1341 1120 1414 culpanda
1134 1347 1179 1400 est
1188 1345 1267 1416 juris
1276 1345 1372 1403 civilis
1382 1345 1554 1419 regulaque
1563 1360 1722 1419 possessor
1731 1343 1798 1417 iegi-

92 1416 284 1506 iu'galen'puod
297 1446 353 1485 nec
363 1431 575 1502 separatio-nee
590 1447 657 1487 snm
673 1431 763 1488 altero
774 1429 920 1505 copulatio
974 1430 1065 1488 timus
1080 1433 1176 1488 iactus
1190 1435 1305 1490 cotilae
1320 1434 1479 1506 tyrannica
1502 1433 1641 1490 factionis
1662 1433 1799 1504 pervent

97 1522 191 1595 pessit
205 1514 328 1576 auterre.
345 1520 443 1576 Manet
461 1524 561 1578 autem·
585 1522 621 1578 ad
646 1538 750 1578 noxum
775 1522 920 1589 criminis,
974 1523 1021 1577 tas
1034 1520 1192 1578 laudabilis
1208 1523 1300 1594 erit‚si
1317 1523 1397 1596 regia
1411 1521 1566 1578 clementia
1579 1521 1799 1595 manassei»

96 1620 156 1668 non
171 1610 209 1666 ad
221 1608 372 1666 idnculum
388 1611 602 1668 tarderis:sicut
617 1617 749 1685 apostata
765 1613 920 1669 animave-
975 1608 1051 1665 ditos
1066 1614 1170 1666 mactat
1185 1625 1192 1665 ε
1209 1626 1261 1667 nee
1276 1611 1478 1684 vituperabilis
1487 1611 1558 1667 erdo
1573 1610 1660 1684 regie
1671 1612 1802 1683 poteste-

96 1696 141 1756 ist
155 1699 191 1756 de
203 1698 341 1772 conjugio
355 1698 461 1755 Christi
477 1701 624 1767 recedens,
640 1703 728 1758 otiam
745 1703 922 1775 fldepcrdita
975 1697 1023 1764 tis,
1039 1699 1064 1755 si
1081 1716 1130 1755 rex
1145 1699 1316 1757 erudelitate
1338 1700 1491 1774 tyrannica
1513 1699 1622 1756 suniat.
1647 1696 1740 1755 atiud
1759 1703 1801 1754 esi

96 1792 316 1846 sacramentnm
332 1789 398 1845 tidoi
413 1803 473 1844 non
486 1791 606 1857 amittit,
622 1792 699 1864 quod
716 1791 829 1848 lavacro
844 1806 960 1884 repe-B
975 1804 1103 1861 namque
1118 1789 1229 1861 injusta
1245 1794 1388 1862 potestate
1398 1791 1479 1861 justo
1501 1786 1575 1846 relic
1597 1788 1653 1857 uti,
1669 1792 1701 1844 et
1724 1787 1803 1847 utet

97 1879 257 1935 neratiunis
272 1879 383 1950 accepit
398 1896 405 1934 :
423 1878 592 1936 redderetur
615 1881 693 1937 enim
719 1882 817 1954 procul
833 1880 922 1938 dubio
976 1882 1022 1933 cst
1032 1879 1116 1950 justa
1130 1883 1273 1951 potestate
1289 1879 1398 1952 injuste
1410 1878 1509 1935 uti-‚iio
1520 1895 1572 1935 nec
1583 1877 1756 1934 concubine
1766 1877 1801 1932 ati

97 1967 241 2036 redeunti,
258 1967 283 2024 si
298 1967 447 2023 amisisset
461 1969 631 2026 abscedens.
649 1971 740 2027 liabct
754 1971 808 2027 boc
823 1977 922 2028 autern
977 1971 1095 2039 tempus
1109 1967 1256 2036 adhibita,
1282 1967 1305 2023 si
1332 1969 1460 2025 illiorum
1484 1984 1574 2024 causa
1592 1967 1802 2035 conorrnrbent,

98 2058 149 2130 qui
165 2056 319 2114 recesserit
332 2058 369 2112 ad
384 2056 537 2114 cumulum
552 2058 700 2132 supplicii,
716 2077 771 2116 non
788 2060 823 2116 ad
835 2060 921 2116 rneri-
973 2057 1089 2129 justum
1106 2057 1217 2113 iaciunt
1231 2058 1462 2114 concubinatum
1477 2068 1565 2114 suum
1590 2073 1597 2111 ι
1624 2070 1679 2112 nec
1701 2056 1803 2126 conju·

97 2144 401 2218 tempramiinmtin
416 2145 921 2221 librodeuonoconjugatueripatiz
977 2150 1060 2218 gata,
1086 2146 1110 2204 si
1135 2147 1206 2202 dum
1232 2146 1348 2203 maritis
1371 2146 1534 2214 lasciviant,
1561 2144 1688 2219 nuptiali
1709 2142 1803 2201 ordini

102 2233 233 2290 titionum
245 2234 337 2307 igitur
351 2234 520 2309 nuptiarum
538 2251 590 2307 per
602 2252 704 2293 omnes
719 2242 820 2309 gentes
836 2241 923 2309 atque
977 2235 1087 2290 crimen
1104 2235 1269 2307 imponunt.
1287 2236 1375 2292 Posse
1389 2248 1460 2292 sans
1475 2234 1536 2290 tisri
1553 2234 1720 2306 nuptiasox
1730 2228 1805 2288 made

100 2332 203 2381 omnes
217 2322 352 2380 homines
367 2322 397 2378 in
412 2340 502 2380 causa
516 2326 672 2398 generandi
689 2329 743 2391 est,
759 2329 787 2382 et
812 2326 843 2382 in
867 2326 924 2382 fide
977 2325 1153 2397 conjuretis,
1169 2324 1293 2382 honesto
1318 2324 1425 2399 placito
1449 2327 1657 2396 consequente,
1680 2320 1805 2377 manita-

100 2411 244 2470 castitdtls
261 2429 267 2468 :
285 2411 363 2485 quad
380 2416 478 2469 autem
505 2414 542 2469 ad
565 2415 706 2487 populum
721 2415 773 2470 Dei
786 2414 922 2488 pertinet,
977 2418 1057 2470 stum
1065 2413 1219 2471 est.Samel
1228 2418 1325 2471 anum
1338 2414 1445 2470 initum
1455 2412 1638 2469 connubium
1648 2410 1806 2494 incivitate

99 2501 191 2559 etium
205 2501 234 2557 in
249 2501 403 2558 sanctitate
417 2504 603 2572 sacramenti,
617 2521 670 2577 par
683 2520 772 2577 quam
788 2505 926 2562 nciascst
978 2503 1029 2559 Dei
1045 2503 1146 2570 nostri,
1163 2503 1214 2559 ubi
1229 2502 1317 2560 etiam
1339 2519 1374 2560 ex
1397 2501 1493 2576 prims
1507 2502 1635 2557 duorum
1646 2498 1805 2556 bominum

100 2588 189 2647 etiam
204 2588 326 2664 repudio
341 2591 540 2649 discedentem
556 2592 639 2649 alteri
659 2594 778 2662 nubere,
795 2594 866 2650 dum
880 2593 925 2649 rir
979 2591 1083 2666 copula
1098 2592 1246 2665 quoddam
1258 2595 1475 2648 sacramentam
1484 2589 1594 2664 nuptia
1604 2586 1806 2664 permutantia

100 2678 258 2754 siusiliit,
275 2695 311 2736 ne
325 2679 429 2738 saitem
445 2681 511 2754 ipsa
525 2698 615 2740 causa
630 2681 842 2756 patiendique
857 2696 924 2739 cum
977 2682 1066 2738 modo
1081 2684 1186 2754 potest,
1203 2680 1260 2737 nisi
1285 2679 1413 2752 aiicujus
1433 2694 1534 2736 eorum
1559 2680 1656 2734 marte'
1674 2675 1804 2733 dissilui.

101 2765 215 2827 missit
230 2779 289 2843 qus
303 2769 412 2843 nuptias
427 2769 717 2840 liunt,necearenon
729 2773 926 2846 subsequente
979 2770 1078 2827 iianet
1092 2770 1171 2826 enim
1192 2768 1344 2825 vinculum
1368 2768 1549 2842 nuptiarum,
1564 2765 1683 2824 etiamsi
1699 2765 1805 2838 proies,

100 2857 323 2932 propterquam
339 2859 552 2928 iiunt‚sdlritur
564 2859 924 2935 nneutnmnnpuaienisi
980 2861 1065 2931 cujus
1081 2874 1170 2916 causa
1184 2858 1292 2914 initum
1317 2861 1372 2925 est,
1396 2857 1554 2913 manifesta
1577 2853 1735 2911 sessiniaco
1749 2860 1807 2910 noti

101 2946 236 3022 cmjugls
246 2948 636 3018 murtetiuemadmodumsi
646 2949 926 3008 tiatordinatioeleri
979 2948 1191 3021 subsequutum
1206 2945 1248 3004 ita
1263 2948 1366 3020 utiam
1382 2944 1542 3004 scientibus
1566 2942 1736 3018 coniugatis
1750 2950 1807 2998 ituit

98 3036 140 3094 'ad
154 3032 653 3112 plebsm‘congregsndametlamsi
664 3039 758 3114 piebis
772 3056 928 3114 congrega·
980 3055 1012 3094 se
1023 3037 1097 3093 tilios
1106 3036 1409 3108 babiturosseparare
1424 3041 1567 3091 satamon
1581 3032 1628 3089 vsi
1642 3032 1809 3106 ipsumam

101 3122 184 3201 gutia
195 3127 575 3201 nonsubsequtrturmanet
590 3131 688 3186 nmen
700 3129 729 3185 in
741 3128 797 3184 iilis
812 3129 926 3185 ordina-
981 3126 1119 3195 tiliorum,
1137 3129 1224 3199 ebroe
1247 3124 1314 3182 aliis
1333 3123 1470 3197 copulare
1490 3136 1549 3179 non
1572 3120 1670 3178 liceat.
1681 3118 1809 3188 Uebdsi

101 3210 143 3273 us
156 3220 373 3273 sacramentum
388 3216 591 3286 ordinationis,
618 3222 646 3274 et
671 3218 696 3274 si
720 3217 819 3290 aliqua
840 3186 962 3290 eiripac
981 3214 1111 3284 iecerint,
1127 3223 1194 3271 cum
1209 3215 1262 3281 eis,
1280 3213 1388 3286 quibus
1408 3228 1439 3270 se
1463 3210 1675 3285 copulaverint,
1693 3202 1809 3268 adnue

91 3301 411 3378 ‚amendamabollicio
421 3309 799 3375 removeatur,sacrnmcnto
810 3304 927 3362 Domini
980 3303 1059 3362 rium
1074 3303 1271 3361 committunt.
1289 3325 1304 3352 n

102 3390 196 3452 semel
209 3391 348 3465 imposito
362 3409 422 3449 non
436 3393 554 3462 carebit,
572 3394 705 3467 quamvis
725 3396 760 3450 ad
780 3395 927 3467 judicium
1017 3392 1171 3462 Quoniam,
1195 3396 1230 3448 ut
1253 3389 1347 3448 sancti
1371 3391 1471 3446 Patres
1494 3391 1531 3445 de
1553 3388 1631 3445 bono
1653 3375 1809 3460 canunt

101 3481 359 3555 permnnente.»ilt
373 3481 444 3538 item
459 3482 489 3537 in
505 3482 623 3554 praelato
640 3481 712 3539 libro
727 3484 763 3540 de
773 3483 890 3555 Nuptiis
900 3486 929 3539 et
981 3480 1141 3545 diltlniunt,
1158 3481 1267 3536 bonum
1284 3479 1395 3536 babent
1410 3477 1528 3551 nuptis,
1546 3480 1575 3533 at
1597 3476 1678 3549 quoti
1699 3476 1810 3532 balluni

102 3562 346 3643 eoncupiscentia
360 3562 474 3639 (libne.
493 3572 535 3644 it)
553 3589 560 3628 ε
575 3594 589 3622 «
607 3571 718 3639 Quibus
731 3588 797 3628 vcro
811 3572 927 3644 placue·
982 3576 1037 3638 est,
1052 3575 1205 3643 peccatum
1221 3572 1339 3625 nonest
1355 3585 1361 3623 :
1379 3584 1412 3623 ac
1427 3583 1479 3640 per
1492 3567 1547 3622 boe
1562 3565 1613 3638 qui
1637 3570 1746 3622 cenna
1760 3565 1810 3620 lta·

104 3655 144 3713 rit
156 3666 190 3714 e'x
205 3657 405 3714 consenseras
420 3664 477 3715 usu
493 3657 620 3716 carnalis
640 3658 882 3732 concupiscentis
897 3660 928 3716 iri
982 3667 1054 3716 num
1070 3657 1201 3731 nuptiate
1215 3656 1449 3730 iacit,peocatum
1461 3655 1535 3711 lecit-
1546 3660 1614 3710 oum
1629 3653 1810 3710 adulterim

104 3750 277 3820 perpetuam
293 3747 452 3819 amilcare,
468 3747 547 3803 absit
561 3752 594 3804 ut
606 3747 757 3804 vinculum
773 3749 929 3807 interillos
983 3748 1150 3806 committit.
1166 3746 1321 3804 Diitiniunt
1334 3745 1434 3812 ctiam,
1459 3744 1537 3816 quod
1551 3743 1636 3800 bona
1659 3746 1693 3799 et
1714 3756 1735 3799 a
1755 3738 1812 3800 use

105 3830 260 3908 conjugale
275 3838 431 3907 rumpatur
446 3852 452 3891 :
470 3824 529 3892 imo
553 3835 668 3892 sinnius
692 3838 818 3911 eritque
834 3838 929 3912 magis
981 3837 1148 3895 constituta
1164 3853 1198 3892 sc
1212 3835 1371 3891 benedicte
1395 3837 1466 3891 sunt
1483 3831 1604 3915 nuptie,
1620 3842 1700 3904 quas
1723 3831 1811 3888 etisiii

105 3934 140 3979 ea
152 3924 344 3995 pactasccum
355 3921 551 3998 inierint,qum
566 3925 930 3984 chariusconcordantius-
982 3943 1038 3983 sua
1047 3924 1199 3998 prasentia
1209 3923 1431 3991 consecrandam
1443 3921 1605 3995 quibusest
1615 3919 1809 3992 tidesprcies,

105 4022 163 4085 qne
177 4012 320 4068 servanda
334 4017 473 4082 sunt,non
488 4013 658 4087 voluptariis
673 4032 827 4089 carporum
849 4017 928 4073 noxi·
983 4013 1246 4073 sacramentumiu
1257 4013 1314 4069 irde
1324 4012 1534 4095 attenditur,ns
1544 4013 1649 4081 prater
1659 4006 1810 4064 unedoni

104 4098 172 4171 bus,
195 4100 249 4158 sod
273 4099 445 4160 voluntariis
467 4102 620 4160 attactibus
643 4103 821 4162 animorum.
840 4128 853 4155 n
878 4106 930 4162 iiis
983 4104 1136 4178 conjugale
1147 4099 1440 4160 cumaiteravelaum
1450 4096 1810 4156 clementissimorum

103 4186 324 4265 Scripturaruin
340 4187 528 4259 testimoniis,
545 4195 632 4266 atque
648 4196 817 4250 sanctorum
843 4194 929 4251 dictis
983 4194 1074 4268 prole,
1091 4197 1125 4250 ut
1139 4195 1273 4249 amanter
1292 4189 1479 4263 suscipiatur,
1504 4187 1630 4261 benigne
1649 4182 1808 4253 senatui,

105 4278 472 4353 manifestatur,qucmodo
486 4280 761 4348 concubinam,cum
778 4297 836 4354 qus
846 4281 929 4340 adui-
983 4282 1118 4356 religiose
1132 4281 1292 4338 educetur:
1309 4294 1362 4335 nec
1376 4283 1493 4336 tantum
1508 4277 1658 4351 gaudeant
1676 4277 1810 4349 puseus

104 4372 216 4425 teresse
230 4366 376 4436 dicitur,si
386 4368 510 4425 intumit
524 4368 554 4424 in
570 4371 741 4443 eonjugium
753 4370 807 4428 sibi
820 4372 931 4428 saciare
984 4373 1055 4447 qnia
1076 4369 1207 4428 sobolem
1231 4372 1407 4443 genuerunt,
1431 4370 1579 4440 quantum
1599 4367 1633 4421 ut
1648 4364 1768 4422 soboles
1780 4363 1810 4418 iit

103 4454 269 4528 prevaleat·
285 4453 434 4526 Videlicet,
451 4455 475 4514 si
491 4462 541 4514 aut
556 4474 629 4514 uxor
646 4457 778 4532 legaliter
801 4465 930 4534 accepta,
984 4461 1099 4520 cbristo
1115 4462 1310 4532 regeneretur.
1328 4457 1360 4514 In
1376 4457 1558 4513 sacramento
1574 4457 1724 4522 autemut
1742 4466 1810 4510 eoa·

103 4549 136 4623 ¹ct
149 4544 268 4599 innoxia
287 4554 356 4618 erga
377 4543 462 4601 illum
486 4546 614 4616 inventa,
631 4553 748 4604 mortun
763 4549 851 4605 tuerit
865 4567 927 4607 cor·
943 4552 967 4623 Ι)
978 4551 1096 4625 jagium
1107 4564 1165 4605 non
1175 4551 1336 4620 separetur,
1350 4551 1379 4604 et
1393 4544 1534 4602 dimissus
1549 4544 1601 4600 aut
1616 4541 1745 4600 dimissu
1762 4550 1812 4597 nst
1836 4556 1851 4593 s

108 4642 187 4703 pure,
202 4629 248 4688 vsi
264 4633 289 4687 si
305 4632 422 4691 inventa
440 4636 528 4692 iberit
551 4637 650 4692 anima
672 4637 725 4694 deo
752 4642 877 4708 mortuo,
901 4644 934 4698 ut
988 4656 1077 4697 eausa
1092 4637 1182 4712 prolis
1197 4635 1280 4694 alteri
1296 4633 1578 4709 coniungatur.liac
1592 4635 1638 4689 est
1652 4630 1851 4711 regilindis-

106 4717 203 4791 ipsius
226 4734 294 4776 oum
310 4735 344 4777 ea
358 4722 463 4795 copula
487 4725 616 4782 incestus
642 4729 671 4782 et
693 4723 774 4782 nuile
801 4729 931 4804 conjugii
985 4730 1126 4803 ptiarcm,
1141 4743 1200 4800 qua
1212 4726 1256 4783 vel
1273 4729 1384 4782 nature
1400 4725 1556 4781 decoratur
1575 4716 1757 4788 mmmm,
1771 4712 1851 4775 usll

102 4804 185 4866 '0³18
206 4809 324 4865 nomine
351 4807 537 4884 deputandus
561 4811 692 4887 legaiiter
716 4817 931 4888 comprobetur.
986 4816 1203 4875 incontinentia·
1219 4814 1329 4888 regitur
1343 4813 1482 4888 pravitas,
1497 4812 1574 4868 sicut
1588 4808 1851 4882 mactusliugt‘-

106 4896 167 4955 Nec
182 4904 282 4955 tamen
297 4899 364 4955 talis
377 4900 553 4971 conjunctio,
570 4903 594 4957 si
609 4901 779 4973 hujusmodi
795 4907 933 4962 concubi·
988 4908 1084 4965 stinus
1099 4906 1129 4962 in
1146 4904 1219 4963 libro
1234 4904 1447 4963 sandaliano
1463 4899 1622 4974 cornuguli,
1638 4901 1670 4956 et
1682 4897 1716 4955 ia
1733 4882 1851 4953 uini:

104 5002 177 5044 nam
194 4987 226 5043 ln·
239 4988 394 5060 conjugem
410 4989 580 5061 sumpserit,
597 4990 823 5062 reprehensione
847 4998 935 5067 atque
988 5000 1025 5056 dc
1048 4996 1164 5071 Nuptiis
1186 5001 1216 5053 et
1237 4993 1481 5067 Concupiscentia
1502 4989 1650 5049 latissime
1667 4988 1813 5045 etiam
1826 5010 1851 5025 ⁶

109 5075 279 5134 ollensianis
294 5076 410 5133 macula
423 5086 520 5133 carere
535 5076 689 5146 videbitur,
713 5079 827 5137 dicente
850 5082 935 5139 beato
990 5088 1111 5144 dissime
1126 5086 1199 5142 satis
1214 5084 1350 5142 ostendit.
1367 5082 1449 5141 Unde
1463 5076 1813 5138 anunente-enervan-
1827 5096 1851 5113 ⁴

109 5166 273 5241 Augustino
284 5166 320 5222 in·
330 5164 404 5223 libro
414 5165 449 5223 de
460 5167 537 5223 liano
553 5167 933 5242 conjugali(rap.13,ii,i5):
989 5179 1059 5234 dum
1074 5180 1119 5233 est
1132 5192 1169 5232 ne
1185 5175 1353 5233 concubine
1367 5172 1412 5229 rel
1424 5168 1583 5243 cujuslibet
1596 5164 1851 5226 numeraui-

111 5272 124 5306 c
141 5254 223 5323 Obori
239 5266 318 5330 ergo,
335 5255 664 5330 inquieus‚praoipiunt
683 5258 848 5331 conjugatis
864 5278 933 5334 apo·
987 5283 1033 5322 nai
1045 5264 1182 5338 copulam
1199 5260 1382 5337 conjugalem
1407 5274 1466 5328 rex,
1482 5268 1573 5333 super
1584 5250 1851 5332 convaluerunt:

1 5371 3 5377 ι
111 5345 188 5410 stoii,
205 5344 260 5402 hoc
273 5348 319 5402 est
332 5344 502 5420 nuptiarum
528 5361 534 5401 :
558 5346 635 5418 quod
660 5350 759 5401 autem
782 5348 936 5407 venialiter
988 5354 1140 5412 consulere
1156 5352 1352 5419 consulentes,
1369 5349 1569 5424 aliquomodo
1588 5346 1717 5420 expetat,
1734 5348 1851 5402 mid·-

111 5434 341 5501 cdncedunt,aut
356 5436 433 5507 quod
448 5435 572 5507 impedit
586 5434 742 5500 orationes,
753 5452 811 5491 non
826 5443 936 5511 cogunt
989 5460 1079 5517 quam
1095 5440 1179 5515 legali
1193 5442 1322 5497 virorum
1336 5440 1498 5497 illustrium
1510 5431 1845 5511 judicisetsttbei‘dc‘

112 5520 284 5591 nuptias&
300 5523 511 5596 ieruntliuque
527 5522 550 5579 si
568 5523 732 5595 torte,quod
748 5527 847 5581 utrum
873 5530 935 5585 fieri
989 5533 1041 5590 tali
1065 5534 1180 5589 decreto
1206 5533 1322 5604 conJ'nx,
1338 5548 1427 5605 quam
1452 5528 1584 5604 legaliter
1606 5525 1733 5600 accepit,
1752 5525 1816 5597 ipsu

107 5609 206 5683 possit
219 5609 332 5683 ignoro,
348 5612 500 5686 magisque
523 5611 587 5669 tisri
610 5622 668 5668 non
687 5627 774 5685 posse
788 5615 933 5689 existimo,
990 5623 1077 5680 etiam
1088 5623 1222 5696 coniugis
1232 5622 1350 5679 nomine
1360 5619 1513 5692 judicatur
1519 5612 1815 5691 indignandi&
