3810 6098
67 264 123 351 353
418 286 470 347 ΒΕ
491 284 871 346 PaAEuusrtNArtottu
893 285 1152 348 tttsstttt'taato
1175 290 1407 354 POS'l‘ClthR.
1715 305 1777 366 354

65 416 440 478 tinctissanctusllilarins
448 420 476 474 et
484 418 664 491 Prosper‚ita
672 423 705 474 ut
713 418 897 491 scripsimus,
913 421 940 488 A
957 440 970 468 a
986 419 1144 475 Donatista
1169 422 1246 494 apud
1263 439 1294 478 se
1309 427 1424 480 tantum
1441 427 1469 482 in
1485 429 1580 486 Atriea
1603 434 1775 492 catholicam

67 510 244 568 decuerunt.
257 509 290 565 lu
306 524 357 564 sax
369 507 526 581 provinciis
543 507 641 564 Africae
656 508 819 580 Cyprianus
834 509 900 563 Car·
954 509 1130 563 remansisse
1145 509 1346 582 gloriabantur
1361 513 1530 584 Ecclesiam,
1549 519 1621 575 t'also
1636 522 1710 578 inter
1724 542 1776 580 caa-

64 597 257 673 'thaginensis
272 597 523 670 archiepiscopus,
538 601 567 652 ct
581 601 702 653 sanctus
716 597 899 670 Augustinus
954 601 1015 652 tera
1030 598 1186 671 Scripturas
1208 600 1351 657 (tonantes
1374 603 1539 676 exemplum
1564 624 1622 679 quo
1644 611 1773 670 dicitur:
1841 608 1848 617 “

68 685 350 762 hipponeregiensis
359 685 513 758 episcopus
523 685 566 742 sic
574 685 715 742 catholico
724 686 897 742 docuerunt.
951 688 1022 743 Deru
1036 688 1071 742 ab
1086 688 1176 759 Africo
1200 693 1297 756 eveniet,
1309 699 1336 747 et
1348 700 1457 748 sciretur
1477 693 1510 749 dc
1533 704 1622 752 inante
1643 701 1775 759 convene

64 768 209 851 idemque
224 776 330 833 beatus
344 775 527 850 Augustinus
537 774 660 833 antidoti
676 774 897 843 conlectionem,
951 784 978 832 et
1001 777 1125 833 eratroao
1141 777 1490 851 (Hrrh.irr,3).»Qucrn1n
1515 784 1672 842 salsitatem
1697 789 1775 846 idem

70 854 191 927 adhunc
202 869 234 923 et
243 864 318 923 alias
329 862 441 921 multas
456 864 641 921 infirmitates
651 865 774 920 mirifice
790 864 897 920 lbcicn-
952 865 1055 921 beatus
1065 867 1248 940 Augustinus
1260 868 1444 940 apertissime
1455 871 1623 940 denudavit,
1635 879 1663 930 et
1677 889 1775 948 repro-

68 960 136 1024 tem,
149 954 208 1011 hoc
223 954 328 1011 morbo
344 953 375 1009 ia
385 952 487 1010 Galliis
499 951 703 1010 laborantibus
716 953 794 1009 circa
808 954 897 1009 finem
952 954 1041 1023 bavit,
1057 960 1145 1028 atque
1160 957 1270 1012 revicit.
1288 959 1360 1014 Nam
1381 960 1405 1014 si
1426 959 1524 1032 plures
1540 978 1628 1033 quam
1648 963 1775 1023 diximus

67 1045 183 1102 dierum
191 1058 316 1102 snorum
324 1041 499 1099 transmisit.
507 1040 776 1116 Hispaniaquoquc
784 1047 897 1115 septem
951 1061 1075 1099 nuntero
1091 1046 1222 1102 moderni
1237 1046 1362 1103 existant
1378 1048 1636 1120 Pradestinatiani,
1648 1054 1776 1111 necdum

68 1133 224 1208 provincie
239 1133 296 1189 hac
310 1130 445 1189 doctrina
455 1131 600 1189 catholica
615 1137 811 1204 persanatum
823 1132 901 1188 llila·
951 1149 1125 1205 cognoscere
1140 1152 1298 1206 possumus
1310 1154 1316 1192 :
1330 1137 1463 1209 quiaetsi
1473 1156 1573 1195 corum
1586 1142 1674 1197 corda
1684 1141 1714 1198 in
1730 1143 1775 1200 ia·

68 1223 143 1281 rium
159 1228 190 1280 et
200 1222 378 1295 Prosperum
389 1221 541 1278 illustratas
552 1222 679 1278 luerunt.
692 1222 723 1278 ln
738 1222 896 1295 provinciis
951 1222 1064 1277 saraiam
1080 1224 1206 1295 perversi
1218 1240 1323 1281 sensns
1332 1224 1490 1293 ebulliunt,
1502 1245 1592 1300 prava
1601 1235 1699 1287 tamen
1710 1248 1774 1304 que

70 1315 214 1370 decernet
234 1326 338 1368 novem
363 1310 480 1384 lllyrici,
497 1310 579 1368 Pauli
604 1310 809 1384 predicatione
832 1312 896 1367 tun·
951 1311 1081 1366 sentiunt
1106 1311 1235 1383 apertius
1259 1313 1356 1386 eloqui
1381 1331 1439 1370 non
1469 1325 1660 1388 presumunt.
1678 1320 1720 1376 lta
1743 1326 1775 1377 ut
1868 1360 1871 1364 ,

71 1402 154 1471 datis,
166 1407 196 1460 ct
206 1417 257 1458 sex
268 1399 425 1474 provinciis
439 1400 580 1471 Thracia,
592 1400 621 1455 in
633 1405 745 1473 quaest
755 1400 895 1456 Constun-
950 1404 1048 1472 aparte
1063 1401 1215 1458 videamus
1234 1402 1349 1474 impleri
1365 1405 1442 1474 quod
1458 1406 1600 1478 scriptum
1615 1413 1660 1464 cst
1675 1425 1682 1465 :
1701 1411 1774 1467 Coa·

71 1484 219 1567 tinopolis,
231 1506 322 1564 quarn
336 1484 494 1564 Gregorius
507 1489 720 1556 Nazianzenus,
735 1491 780 1546 vir
793 1490 823 1545 in
839 1491 896 1546 fide
949 1505 1063 1560 preparas
1084 1493 1156 1546 sicut
1183 1493 1213 1546 iu
1237 1500 1298 1548 utre
1324 1510 1409 1565 aquas
1436 1496 1772 1572 mariatl’aal.xxx11,7).

73 1586 95 1638 el
110 1579 722 1653 doctrinaopinatissimus,perduodecim
736 1578 896 1651 annosepi-
949 1578 1031 1648 Aqua
1053 1577 1131 1633 caim
1160 1578 1250 1635 moris
1278 1579 1355 1635 sicut
1380 1581 1410 1635 in
1438 1586 1501 1638 utre
1529 1589 1704 1658 congregata
1717 1591 1772 1654 est,

75 1668 225 1747 scopalitar
238 1669 325 1740 rexit,
340 1668 542 1725 hereticorum
565 1669 663 1741 capita
677 1668 893 1741 conquassavit,
948 1667 1067 1737 quando
1092 1684 1193 1723 amara
1216 1668 1418 1725 haereticorum
1443 1671 1566 1727 scientia
1584 1674 1662 1744 quod
1686 1691 1773 1746 prave

76 1776 174 1834 rosque
189 1757 335 1815 novacula
346 1757 453 1830 linguae
469 1757 618 1814 catholiea
635 1756 822 1831 aprovinciis
837 1758 894 1813 eis·
950 1754 1039 1809 sentit
1054 1754 1083 1809 in
1099 1760 1213 1828 pectore
1234 1756 1412 1830 comprimit,
1429 1763 1458 1814 et
1472 1765 1569 1831 aperte
1595 1762 1690 1818 dicere
1714 1779 1772 1820 nou

77 1850 133 1904 dem
147 1848 249 1904 erasit.
264 1847 372 1904 Verum
388 1853 417 1902 ct
431 1846 588 1920 Dionysius
602 1846 800 1919 Areopagites,
818 1847 894 1901 anti·
949 1844 1110 1916 presumit.
1128 1845 1161 1899 at
1180 1850 1256 1901 recte
1276 1847 1387 1902 noviter
1401 1847 1573 1921 garrientes,
1585 1855 1618 1906 ut
1633 1850 1771 1921 diximus,

77 1934 368 2010 qunsetvcnerabilis
382 1935 475 2004 Pater,
487 1934 564 1991 sicut
578 1935 763 2008 scripsimus,
775 1937 893 2006 aposto·
948 1937 1093 2003 quantum
1113 1950 1287 2005 cognoscere
1311 1952 1479 2007 possumus,
1495 1937 1524 1993 in
1540 1940 1694 1996 novenario
1716 1958 1773 1998 nu·

77 2025 244 2096 liceducuit,
256 2027 285 2080 et
300 2025 664 2098 ioannesChrpsostomus
679 2024 837 2096 itautejus
848 2024 894 2080 de·
949 2036 1029 2076 meru
1046 2027 1209 2090 remanent,
1225 2027 1253 2079 et
1267 2023 1304 2078 ad
1320 2023 1467 2080 decimum
1492 2043 1550 2081 non
1575 2028 1748 2099 perveniunt
1764 2045 1771 2084 :

77 2114 178 2171 clarent
191 2113 364 2172 testimonia
378 2113 554 2188 predicavit.
566 2113 597 2169 ln
612 2113 765 2169 duodecim
781 2112 894 2186 provin·
948 2108 1033 2165 sicuti
1045 2114 1074 2165 et
1085 2127 1187 2166 novem
1204 2111 1321 2184 leprosi,
1334 2114 1394 2185 qni,
1403 2131 1460 2169 uno
1471 2115 1507 2169 ad
1522 2115 1633 2187 gratias
1646 2118 1772 2174 releren-

77 2205 120 2262 riis
138 2204 224 2274 Asiae,
242 2203 321 2261 sicut
344 2204 407 2277 ipsc
430 2205 558 2260 ioannes
581 2202 806 2276 chrysostomus
831 2201 893 2258 suis
948 2199 1000 2254 das
1016 2216 1139 2266 reverso,
1158 2201 1263 2273 ingrati
1282 2203 1402 2258 Domino
1417 2212 1621 2262 renranscrunt
1636 2224 1642 2262 :
1660 2207 1731 2279 quia
1744 2212 1773 2265 et

76 2294 184 2367 scriptis
198 2295 393 2366 demonstrat,
404 2292 486 2349 exsul
501 2292 626 2348 factione
647 2291 849 2347 hereticorum
865 2295 894 2347 et
948 2288 996 2343 isti
1006 2289 1042 2343 ab
1053 2289 1164 2345 unitate
1173 2289 1307 2346 Ecclesia
1315 2290 1344 2346 in
1354 2293 1410 2348 lida
1418 2293 1563 2350 catholica
1572 2301 1771 2366 permanente,

74 2383 262 2456 quorumdam
288 2383 377 2438 etiam
401 2382 500 2447 livore,
516 2382 558 2437 ita
573 2381 735 2454 perdocuit.
753 2381 785 2436 ln
810 2381 893 2452 Syria
948 2377 1124 2448 paucitatem
1140 2395 1198 2432 sure
1213 2378 1334 2435 vilitatis
1350 2387 1547 2455 segregantes,
1561 2383 1585 2439 si
1602 2383 1708 2440 salvari
1724 2403 1772 2442 vo-

73 2468 893 2545 CilicireginquaestAntiochia,provinciisvidelicetde
948 2464 1070 2531 lunt‚ad
1096 2466 1236 2522 sanitatem
1253 2467 1401 2524 catholicae
1426 2471 1492 2526 lidei
1521 2489 1639 2528 neccsse
1665 2478 1711 2530 est
1739 2479 1772 2529 ut

71 2574 127 2617 cem
148 2577 283 2627 numero,
300 2559 393 2616 isdem
413 2561 540 2616 ioannes
555 2559 792 2630 ChrysostomuS,
808 2562 892 2612 onte·
947 2556 1040 2610 redire
1062 2562 1226 2628 procurent.
1240 2559 1347 2613 Novem
1376 2559 1474 2631 itaque
1497 2561 1631 2635 indigent
1655 2581 1721 2632 uno,
1739 2569 1772 2620 ut

69 2668 152 2723 quam
163 2651 200 2707 ab
211 2649 376 2717 Antiochia,
389 2655 421 2705 nt
437 2648 589 2705 Liberatus
600 2645 785 2721 Carthaginis
800 2646 892 2701 arrlri-
946 2645 1073 2715 quadam
1086 2645 1208 2701 unitatis
1225 2646 1317 2702 tharim
1330 2649 1530 2720 coagulentur,
1543 2656 1572 2706 et
1582 2652 1680 2707 decem
1692 2653 1770 2709 sint:

68 2739 206 2797 diaconus
222 2738 337 2808 scribit,
353 2742 526 2811 assumptus
548 2735 798 2808 Constantinopoli
814 2734 891 2790 ordi·
947 2750 1039 2787 unum
1051 2739 1148 2788 autem
1165 2751 1222 2790 non
1234 2734 1276 2790 eis
1291 2736 1403 2808 indiget
1416 2739 1604 2794 utcustodiat
1617 2740 1770 2798 unitatem.

66 2832 185 2886 nasetur
198 2829 367 2903 episcopus,
378 2826 420 2883 ita
434 2825 647 2900 dogmatizasse
662 2826 812 2897 probatur.
825 2824 893 2879 Bea·
946 2820 1043 2877 Unum
1060 2822 1084 2876 si
1100 2822 1226 2878 addatur
1241 2824 1277 2878 ad
1300 2841 1413 2891 novem,
1426 2825 1559 2896 quadam
1578 2828 1691 2900 efligies
1705 2829 1770 2885 uoi-

64 2926 112 2975 tus
126 2934 245 2992 quoque
258 2917 456 2991 Hieronymus
470 2915 500 2971 in
513 2915 597 2989 Syria
612 2914 775 2981 Palaestina,
789 2914 818 2969 in
834 2930 892 2985 qua
946 2910 1016 2966 tatis
1031 2909 1179 2982 impletur,
1188 2929 1245 2984 quo
1256 2914 1289 2967 tit
1300 2917 1384 2968 tanta
1398 2913 1569 2985 complente,
1578 2919 1609 2971 ut
1619 2915 1697 2972 ultra
1712 2933 1770 2974 non

63 3014 107 3066 est
121 3005 287 3065 Jerusalem
302 3005 404 3063 civitas
423 3010 452 3062 et
476 3003 622 3061 Bethleem
648 3002 799 3076 oppidum,
815 3004 892 3059 sicut
947 3001 1159 3073 progrediatur,
1169 3006 1198 3057 ct
1213 3000 1267 3056 hac
1283 3018 1334 3073 per
1348 3001 1523 3058 intinitatem
1539 3005 1653 3060 numeri
1670 3005 1771 3078 regula

63 3097 159 3172 posita
169 3114 187 3154 a
197 3095 284 3152 nobis
293 3096 358 3167 ejus
367 3093 537 3151 testimonia
546 3092 704 3160 declarant,
714 3092 756 3147 ita
763 3093 892 3148 sensisse
946 3089 1147 3144 custodiatur:
1160 3089 1362 3162 aquaquisui
1379 3091 1520 3163 pravitate
1535 3109 1640 3148 sensus
1656 3094 1771 3166 reprobi

65 3193 93 3243 ct
108 3185 247 3244 docuisse
260 3183 412 3258 probatur.
425 3184 456 3240 ln
468 3181 551 3239 Ponti
566 3186 630 3238 octo
645 3181 812 3254 proviaciis,
825 3198 894 3254 qua·
909 3167 929 3233 C
946 3177 1039 3232 allecti
1051 3195 1067 3232 a
1077 3178 1223 3233 consortio
1240 3178 1362 3234 unitatis
1377 3178 1487 3235 exclusi
1503 3184 1582 3250 sarit,
1600 3181 1629 3237 in
1646 3199 1770 3239 novena·

65 3292 131 3332 rum
146 3291 209 3333 una
222 3279 268 3331 est
279 3265 471 3347 Cappadocia,
485 3270 610 3328 basilius
621 3271 822 3343 Cappadocus,
832 3287 893 3326 ma·
947 3266 989 3321 rio
1002 3283 1133 3335 nurnero,
1143 3267 1200 3322 nisi
1212 3267 1317 3323 reversi
1329 3268 1447 3338 luerint,
1457 3273 1598 3343 tauquam
1609 3273 1770 3344 imperfecti

63 3383 140 3441 gnus
156 3369 187 3422 et
200 3363 382 3422 orthodoxus
400 3366 507 3429 orator,
524 3361 564 3416 ita
578 3359 719 3416 catholice
734 3359 842 3415 docuit.
859 3359 890 3414 ln
947 3360 1140 3424 remanentes,
1161 3356 1237 3411 iuter
1267 3358 1382 3430 ignotos
1410 3357 1440 3413 in
1469 3360 1516 3415 die
1545 3360 1644 3434 magni
1665 3362 1770 3434 judicii

62 3452 242 3530 AEgypto,ln
259 3457 376 3526 quaest
393 3449 577 3520 Alexandria,
592 3447 780 3516 Athanasius,
797 3448 891 3504 'Pheo-
946 3445 1177 3512 damuahuntur,
1196 3446 1305 3518 quibus
1331 3446 1401 3503 dicit
1425 3448 1569 3506 Dominus
1586 3467 1592 3506 τ
1608 3452 1702 3508 Nescio
1726 3467 1771 3508 cos

61 3543 173 3617 philus,
184 3540 358 3616 etCyrillus,
371 3540 446 3596 sicut
465 3538 650 3612 scripsimus,
662 3554 712 3593 sex
728 3535 892 3609 provincias
946 3533 1048 3605 (illottir.
1064 3551 1133 3602 xxv;
1151 3536 1214 3591 Luc.
1229 3536 1302 3609 xta).

60 3631 280 3689 docuerunt.ln
292 3627 579 3702 Britanniaquinque
590 3627 804 3701 provinciarum
814 3626 892 3682 Beda
982 3623 1038 3678 Sed
1054 3624 1077 3677 si
1095 3623 1153 3691 isti,
1165 3625 1215 3695 qui
1232 3629 1264 3680 ut
1284 3642 1411 3683 errarem
1431 3644 1519 3684 suum
1535 3633 1677 3696 astruant,
1694 3647 1769 3701 quo-

60 3722 226 3796 presbpter,
237 3725 271 3776 ut
285 3721 479 3790 ostendimus,
490 3723 661 3775 sanctarum
672 3716 890 3788 Scripturarum
946 3713 1082 3767 rumdam
1093 3713 1245 3768 doctorum
1261 3731 1295 3770 ex
1311 3714 1357 3771 his
1367 3732 1442 3788 quos
1458 3718 1631 3774 nominatim
1647 3718 1771 3791 signavi-

59 3810 239 3867 aucloritatc
253 3813 283 3865 et
299 3813 467 3865 sanctarum
486 3807 603 3862 Patrum
617 3805 750 3861 doctrina
766 3805 827 3860 hec
842 3821 889 3861 ca·
946 3801 1769 3880 mustestimoniaproterunt,sententian1libriApolcgiaa

59 3898 171 3954 thelica
184 3902 378 3954 monumenta
394 3896 456 3951 suis
472 3895 596 3968 posteris
609 3892 773 3965 dereliquit.
945 3891 1021 3946 beati
1038 3891 1168 3964 Gregorii
1188 3891 1360 3949 Nazianzeni
1376 3890 1500 3951 sollicite
1515 3895 1653 3968 legerent,
1669 3902 1699 3952 et
1713 3898 1770 3953 sibi

96 3987 208 4061 Sisque
230 3986 334 4043 talium
360 3984 489 4042 virorum
512 3983 727 4056 praedicatione,
743 4000 761 4038 u
775 3981 890 4038 Christo
944 3980 1076 4037 studiose
1091 3985 1190 4052 aptare
1209 3988 1355 4050 curarent,
1372 3984 1509 4041 solertius
1523 3989 1553 4041 ct
1575 3985 1724 4042 salubrius
1740 3988 1769 4043 in

59 4075 243 4143 illuminata,
260 4082 287 4131 et
306 4075 343 4131 ab
362 4073 503 4148 apostolis
522 4074 654 4140 lundata,
671 4071 814 4128 catholico
830 4076 889 4127 toto
943 4068 1068 4125 lectione
1082 4075 1111 4125 ct
1125 4069 1267 4139 doctrina,
1284 4075 1372 4144 atquc
1385 4073 1487 4129 auditu
1505 4074 1641 4130 doctrine
1657 4093 1770 4132 corum·

57 4163 131 4220 urbo
145 4163 256 4220 diffusa
264 4161 393 4218 Ecclesia
403 4161 592 4228 consistente,
604 4160 652 4216 isti
665 4159 796 4216 moderni
813 4160 890 4215 Prae-
944 4159 1010 4214 dem
1028 4158 1146 4214 Petrum
1160 4161 1344 4231 proficerent,
1360 4178 1521 4234 eorumque
1534 4163 1703 4220 testimonia
1717 4180 1769 4219 au·

56 4250 317 4324 destinationi,qui
329 4254 472 4324 quantum
484 4249 590 4305 rescire
602 4264 770 4321 possumus,
782 4247 888 4303 diversi
943 4247 1092 4304 dientibus
1109 4248 1297 4321 ponderando
1313 4256 1519 4323 proponerent.
1532 4251 1590 4308 Nos
1603 4269 1729 4325 quoque,
1744 4253 1769 4309 si

49 4340 174 4399 'ordinis
189 4345 219 4398 et
232 4339 364 4409 habitus,
376 4339 556 4410 diversaque
571 4337 772 4410 professionis,
784 4353 837 4393 nec
851 4338 887 4392 ad
943 4335 1025 4392 illam
1041 4337 1141 4393 devote
1156 4338 1305 4394 mentibus
1321 4339 1429 4394 nostris
1444 4340 1641 4411 recondimus,
1653 4344 1681 4396 et
1697 4341 1768 4414 vigi-

57 4429 210 4487 decimnm
225 4442 382 4485 numerum
397 4431 600 4501 pervenerunt,
617 4427 647 4481 in
662 4426 756 4483 tribus
772 4430 888 4482 tontum
942 4424 1037 4481 lanter
1052 4427 1242 4496 attendimus,
1255 4426 1453 4500 calcatiusque
1469 4428 1498 4482 in
1509 4427 1668 4501 scripturis
1679 4431 1768 4486 etdo-

57 4510 229 4594 pannuciis,
242 4522 345 4575 contra
358 4521 508 4574 tantorum
518 4516 682 4572 doctrinam
693 4515 770 4571 sicut
782 4515 890 4590 legitur
904 4537 927 4603 D
943 4516 1768 4589 ctorumtractatibuslegimus‚dentcsimplieiruminare,

57 4623 161 4664 mures
185 4606 296 4681 egressi
321 4606 358 4663 de
382 4605 513 4663 cavernis
528 4604 601 4673 suis,
617 4609 647 4661 ct
660 4605 740 4660 velut
764 4604 887 4677 pustula
943 4622 977 4660 ac
992 4603 1088 4676 palato
1104 4604 1200 4660 cordis
1222 4609 1404 4677 progustare,
1421 4604 1536 4662 sincera
1553 4605 1642 4664 etiam
1658 4609 1726 4675 lide,
1741 4614 1770 4666 ot

55 4696 184 4753 humore
196 4695 284 4752 noxio
295 4693 475 4752 coalescente
486 4696 521 4751 de
536 4693 600 4751 loco
616 4693 645 4748 in
656 4693 719 4750 loco
730 4698 845 4750 scatent
858 4693 888 4749 in
944 4693 1041 4751 sobrio
1056 4692 1218 4763 intellectu,
1230 4711 1263 4750 ac
1279 4695 1389 4750 mundo
1405 4696 1492 4752 corde
1507 4698 1684 4765 samareon
1697 4716 1769 4771 quo-

57 4800 191 4858 corpore,
203 4790 294 4858 atqua
306 4783 387 4841 velut
402 4789 502 4857 putres
527 4789 557 4841 et
580 4787 722 4856 corrupte
738 4783 889 4841 cicatrices
944 4801 1001 4856 que
1016 4787 1114 4839 nostro
1131 4784 1240 4840 ostium
1255 4788 1377 4840 etseras
1393 4785 1542 4855 adhibere,
1552 4787 1707 4860 verbisque
1718 4805 1769 4844 no-

55 4862 889 4944 iichesiaemembraloedarctentuntes,secatholicoscsse
944 4873 1014 4930 stris
1030 4878 1169 4929 stateram
1192 4891 1348 4947 apponere.
1364 4876 1528 4931 elmodam
1552 4877 1594 4934 eis
1619 4876 1769 4951 imponere

57 4963 171 5032 dicunt,
184 4962 515 5036 suisquecapitulis,vel
526 4963 625 5036 potius
636 4961 790 5035 pediculis,
803 4963 893 5020 ecclc·
945 4963 1179 5035 procurabimus,
1193 4969 1226 5018 ut
1253 4963 1437 5020 auditoribus
1461 4965 1490 5020 in
1520 4971 1651 5039 tempure
1681 4967 1770 5023 tritici

56 5050 171 5108 siarum
181 5051 575 5125 praesulcanimioerroreet
584 5051 892 5120 sinediscussionevel
946 5069 1125 5118 mensuram,
1137 5052 1213 5108 sicut
1223 5052 1366 5124 scriptum
1377 5058 1421 5108 est
1431 5054 1506 5122 (Luc.
1516 5071 1566 5119 xn,
1578 5055 1768 5127 42),tr1buera

52 5141 444 5221 'examinationeordioatos
454 5147 542 5215 atquc
552 5159 611 5198 non
621 5141 892 5215 appropinquantes
944 5143 1104 5200 valcamus.
1115 5141 1249 5198 Aitenim
1262 5141 1404 5198 Dominus
1418 5143 1454 5197 ad
1468 5144 1590 5200 chorum
1606 5144 1768 5215 praedican-

55 5223 226 5304 a'postolice
236 5227 315 5289 280
326 5232 582 5305 lormae,denotara
593 5249 644 5289 seu
661 5232 804 5288 infamare
817 5250 891 5305 prae·
946 5235 1020 5290 tium
1036 5250 1088 5305 par
1102 5231 1273 5304 prophetam
1287 5248 1294 5286 :
1306 5232 1424 5288 Audiens
1436 5233 1513 5289 28⁰
1524 5233 1665 5288 narttialtr
1680 5233 1719 5287 eis
1732 5248 1769 5288 cc

56 5325 193 5377 sumunt.
206 5318 263 5377 Sed
274 5338 331 5378 non
344 5326 389 5379 est
398 5322 453 5379 hoc
464 5339 583 5389 novum,
597 5321 674 5378 sicut
685 5338 738 5377 nac
750 5339 825 5379 nova
836 5322 891 5381 bae.
944 5339 988 5378 me
1001 5324 1106 5395 (dccclv.
1117 5340 1160 5388 m,
1178 5324 1231 5394 17),
1243 5339 1277 5378 ex
1305 5338 1352 5376 me
1379 5321 1524 5387 videlicet,
1540 5337 1598 5376 non
1617 5338 1651 5378 ex
1676 5326 1713 5376 te.
1728 5323 1768 5377 Ac

49 5407 132 5467 rasis
143 5425 234 5483 quam
245 5409 442 5468 extollunt.Ut
452 5411 531 5468 enim
543 5411 648 5469 beatus
657 5411 851 5484 Augustinus,
863 5428 893 5481 at
946 5412 970 5469 si
986 5417 1083 5485 aperte
1098 5428 1200 5468 omnes
1210 5428 1263 5467 nos
1278 5414 1405 5475 moneat,
1418 5415 1450 5465 ut
1461 5409 1617 5482 Scriptura
1628 5414 1657 5466 ct
1671 5410 1769 5468 cathu-

48 5504 85 5563 ἰιι
105 5496 285 5557 iramatibus
296 5498 490 5572 Psalmorum,
502 5504 530 5557 ct
540 5501 570 5557 in
581 5499 732 5575 opusculis
743 5501 779 5557 de
790 5501 891 5558 Pasto·
945 5500 1069 5558 licorum
1098 5501 1184 5557 dictis
1213 5503 1328 5556 nostros
1356 5515 1461 5555 sensus
1485 5500 1721 5569 accomodemus,
1741 5505 1770 5559 et

51 5577 141 5648 saus
156 5582 185 5648 et
199 5584 321 5664 Cvibus,
338 5595 367 5651 et
381 5590 470 5652 etiam
485 5589 516 5650 ia
531 5590 598 5650 aliis
615 5591 679 5651 suis
693 5589 777 5651 libris
793 5591 865 5652 dicit
882 5608 889 5652 ι
945 5607 1009 5670 qua
1019 5591 1098 5665 iuda,
1110 5591 1233 5652 Domino
1243 5586 1602 5665 inspirante,ttbamus,ac
1613 5590 1638 5651 si
1649 5591 1768 5671 dapum
