3810 6098
365 330 368 337 ·
432 324 453 333 ·’
515 307 565 370 Dll
586 305 867 375 tusattuttcus
891 306 1019 371 aucta.
1560 314 1633 379 tm·

75 445 138 499 tere
148 441 221 515 pede
231 441 274 499 vel
286 458 377 499 manu
393 441 448 498 sibl
463 441 599 499 subvenit
609 444 642 497 ul
655 440 738 497 resti·
752 442 1121 516 Areamemetaenpuiaem,
1132 444 1178 501 sed
1188 444 1318 505 adacrm
1331 449 1471 521 spiritales
1482 454 1620 525 nequities

75 547 87 588 a
101 531 208 588 ilerum
224 550 276 604 per
285 532 467 588 devotionem
479 536 507 587 et
520 533 628 588 bonam
639 547 737 602 opera·
752 563 756 591 ;
792 530 900 602 (debes.
917 548 956 599 v1,
975 533 1029 604 12).
1046 533 1109 589 Non
1133 551 1184 589 vos
1209 535 1352 592 delectent
1367 541 1490 596 tantum
1514 540 1619 598 diviua

75 623 191 687 tate,ut
201 623 236 677 ad
249 623 373 695 grat-iam
386 622 509 678 senioris
519 621 605 677 vestri
621 619 736 676 Domini
791 619 1011 689 possessionum
1027 621 1090 676 auri
1106 626 1136 676 et
1151 624 1262 694 argenti
1279 629 1366 696 atque
1382 643 1576 698 gemmarum,
1588 633 1621 685 ut

75 709 148 776 atis;
165 708 236 782 quia
255 716 409 782 peccantes
431 714 459 767 et
483 728 540 766 non
566 709 737 782 prenitentes
791 705 869 761 iuter
882 711 1153 781 eoscomputemini
1166 712 1217 782 qui
1233 710 1312 767 idola
1323 714 1455 784 adorant,
1467 718 1619 787 quoniam,

75 796 119 854 liu
136 802 169 853 ul
183 803 388 855 convertantur
403 799 516 863 tolerat,
530 799 579 854 sed
597 815 654 853 non
669 815 737 853 con·
792 794 871 850 sicut
884 796 956 852 dicit
973 797 1141 869 Apostolus,
1153 801 1280 855 Auaritia
1295 801 1435 857 idolorum
1452 807 1568 862 servitus
1582 816 1622 864 est

75 885 132 942 rius
147 875 278 943 damnat.
290 888 371 943 Sicut
390 887 478 944 etiam
501 888 531 943 in
546 892 642 943 vestra
655 891 739 941 aetate
793 884 904 952 (deleat.
928 903 970 956 nr,
990 887 1029 955 5),
1048 893 1191 959 quantum
1216 889 1300 952 lidos,
1327 907 1404 962 spes,
1430 895 1459 946 et
1481 892 1622 984 charitas,

79 973 176 1030 videre
206 975 338 1047 potestis,
355 980 383 1032 et
406 978 443 1032 dc
466 976 558 1042 vobis,
571 993 606 1030 ne
631 974 740 1030 similia
790 973 916 1043 justitia,
929 975 1045 1046 veritas,
1059 977 1208 1047 ctjustum
1220 978 1445 1052 judiciumque
1458 985 1623 1054 perducunt

75 1063 163 1130 nient,
179 1065 281 1119 timere
296 1069 324 1120 et
343 1082 443 1120 cavere
467 1065 589 1121 debetis.
603 1067 637 1120 ut
651 1065 739 1120 talem
795 1062 943 1118 hominem
955 1065 1037 1120 ineis
1048 1072 1280 1137 perseverantem
1290 1068 1325 1124 ad
1335 1073 1474 1126 aternum
1486 1089 1620 1146 regnum,

75 1151 175 1209 ultum
190 1152 333 1216 divinum,
344 1157 373 1208 et
383 1157 513 1209 sanctam
525 1153 695 1233 Ecclesiam,
707 1170 741 1210 ac
795 1156 823 1206 ct
837 1151 1008 1224 angelorum
1023 1156 1214 1211 consortium.

75 1258 82 1309 ι
97 1244 126 1297 et
140 1259 239 1297 servos
254 1243 500 1313 Dei,cmler0sque
515 1241 615 1297 fideles
630 1246 743 1298 vestros
832 1240 899 1295 Cae.
916 1241 949 1295 X.
965 1243 1032 1308 Oua
1049 1259 1127 1299 nunc
1141 1245 1238 1300 verbis
1252 1246 1445 1303 dominationi
1460 1256 1563 1308 vestra
1578 1228 1626 1311 di·¹

75 1332 137 1386 tatu
160 1335 363 1397 manentes,ct
377 1347 446 1401 erga
470 1331 610 1403 populum
629 1331 744 1387 vobisa
796 1345 903 1396 cerem,
927 1329 952 1385 si
975 1347 1096 1404 corpore
1120 1350 1248 1405 presens
1272 1335 1418 1405 adessem,
1434 1338 1494 1395 hae
1518 1340 1624 1400 litteris

75 1418 183 1475 nissum
200 1419 381 1486 exhibete,ut
392 1437 442 1475 vos
452 1419 587 1491 diligant,
598 1419 744 1475 eleesde
798 1435 941 1489 suggero:
957 1419 1074 1491 quiade
1088 1422 1275 1494 generalibus
1289 1424 1425 1481 Ecclesiae
1440 1444 1474 1483 ac
1489 1429 1525 1486 de
1540 1434 1623 1504 regni

75 1506 121 1563 ¹iu
137 1507 262 1579 spiritali
279 1508 509 1580 servitio,qua1n
534 1507 565 1562 in
590 1507 744 1579 temporali
799 1507 933 1577 negotiis,
946 1508 1010 1564 sine
1033 1509 1161 1580 generali
1182 1511 1345 1583 primorum
1361 1515 1443 1587 regni
1459 1518 1580 1578 consilio
1595 1525 1633 1578 et·

86 1594 254 1669 ubicunque
266 1595 348 1652 vobis
366 1613 486 1651 necesse
501 1595 603 1662 luerit,
611 1596 743 1652 debitum
798 1611 955 1663 consensu,
967 1597 1094 1670 speciale
1108 1599 1177 1655 darc
1200 1600 1357 1657 consilium
1383 1604 1532 1674 nesciaet
1554 1625 1624 1666 con·

75 1683 255 1748 nexhibere;
267 1689 297 1739 el
309 1683 435 1755 plusvos
446 1683 745 1740 deleclcthristiana
799 1701 919 1740 sensum
936 1685 1096 1742 deliberare
1116 1705 1173 1743 non
1199 1689 1289 1757 valeo,
1307 1708 1359 1746 nec
1383 1709 1538 1765 presumo.
1556 1697 1624 1754 Pro·

75 1773 190 1829 mordis
211 1771 374 1840 humilitas,
385 1790 472 1845 (quam
489 1790 567 1827 vanas
589 1790 701 1844 pompas
716 1779 746 1829 et
800 1777 899 1844 pterea
908 1774 981 1830 mihi
991 1775 1055 1846 jam
1067 1780 1096 1832 et
1109 1781 1231 1834 astateet
1246 1778 1416 1838 infirmitate
1426 1799 1460 1838 ac
1475 1784 1625 1843 debilitate

75 1878 91 1933 s¹
102 1861 199 1917 carnis
216 1879 222 1916 :
240 1862 380 1932 quoniam
401 1860 593 1933 quantislibet
617 1860 745 1918 molibus
800 1862 911 1933 attrito,
922 1879 980 1919 non
992 1880 1110 1921 necesse
1120 1870 1192 1922 esta
1204 1867 1403 1926 dominatione
1418 1878 1514 1930 vestra
1530 1874 1625 1949 impo-

75 1950 155 2006 tsuri
180 1950 388 2017 circumdetur,
405 1949 586 2022 quibuslibet
610 1951 746 2022 pretiosis
802 1951 841 2018 ni,
853 1955 886 2007 ut
899 1951 964 2008 sine
979 1970 1069 2010 causa
1092 1953 1233 2026 laborem,
1249 1962 1407 2031 antequam
1431 1964 1466 2018 ad
1483 1962 1624 2035 placitum

75 2037 206 2095 adeatur
222 2055 300 2105 care,
313 2039 383 2110 quid
399 2043 444 2094 est
459 2039 537 2094 aliud
554 2055 644 2110 quam
659 2041 746 2095 caro?
799 2045 928 2095 vestrum
944 2041 995 2097 Dei
1019 2047 1049 2098 et
1071 2045 1158 2100 vestri
1183 2044 1284 2102 tldeles
1308 2050 1491 2120 conveniant,
1507 2057 1537 2109 et
1560 2070 1624 2127 ego,

76 2128 169 2195 trado,
182 2132 210 2183 et
225 2127 304 2184 tilius
324 2127 452 2183 hominis
466 2126 584 2192 vermis,
595 2131 624 2182 et
639 2127 744 2199 pulvis,
800 2127 1044 2203 qualitercunque
1071 2134 1206 2203 potuero,
1236 2134 1349 2191 lavenls
1380 2137 1519 2206 Domino,
1549 2143 1627 2199 sicut

79 2216 140 2272 Non
157 2234 208 2272 vos
230 2220 345 2271 tuntum
362 2217 483 2272 delectet
503 2234 554 2288 per
577 2217 744 2272 venationes
801 2217 930 2288 praedixi,
947 2218 976 2274 in
997 2219 1046 2275 Dei
1070 2226 1099 2275 el
1123 2224 1252 2278 vestrum
1278 2224 1440 2291 servitium,
1456 2231 1485 2283 ct
1507 2227 1625 2286 illorum

75 2304 160 2361 estias
171 2305 481 2376 silvestres,quantum
498 2321 628 2376 pugnare
643 2309 746 2361 centra
800 2304 975 2377 obsequium
998 2307 1124 2363 veniam.
1142 2309 1171 2364 Si
1187 2313 1297 2380 autem,
1309 2313 1387 2383 quod
1402 2314 1488 2371 Deus·
1504 2321 1624 2387 avertat,

79 2397 204 2466 uptates,
221 2398 249 2448 et
263 2394 313 2448 Dei
329 2410 362 2448 ae
378 2397 484 2448 sancta>
501 2391 594 2464 ipsius
611 2392 744 2448 Ecclesiae
800 2393 918 2448 interim
934 2393 1061 2467 alicujus
1085 2398 1313 2468 perturbationis
1331 2417 1422 2457 causa
1444 2406 1582 2472 evenerit,
1599 2410 1643 2462 el-

80 2485 140 2537 lam
165 2482 341 2553 corporales,
353 2499 440 2553 quam
466 2480 635 2553 spirituales
652 2497 659 2536 :
676 2481 745 2552 quia
801 2482 873 2536 mihi
889 2486 990 2538 nolum
1012 2484 1106 2540 lacere
1128 2486 1320 2545 dominationi
1345 2493 1447 2545 vestra
1473 2492 1625 2564 placuerit,

75 2576 83 2627 t
101 2571 244 2628 Dominus
260 2587 311 2642 per
325 2569 497 2642 Apostolum
514 2586 520 2624 :
538 2569 606 2624 Cere
620 2573 746 2641 concupi·
800 2587 852 2642 pro
869 2571 943 2626 scire
957 2575 986 2627 el
1004 2589 1101 2643 pesse,
1118 2577 1147 2628 ct
1161 2574 1284 2632 consilio
1309 2581 1339 2633 et
1362 2579 1470 2636 auxilio
1484 2582 1514 2638 in
1530 2588 1626 2642 vestro

75 2676 122 2719 sav
136 2663 276 2732 spiritum,
292 2669 317 2715 et
341 2662 455 2730 spiritus
481 2659 610 2714 aduersus
633 2675 746 2715 comm
800 2658 940 2730 obsequio
956 2657 1082 2715 fideliter
1096 2659 1244 2718 laborabo.

75 2748 99 2823 l.
113 2750 149 2806 Et
165 2770 174 2805 .·
188 2751 245 2806 lton
273 2757 313 2804 est
336 2750 414 2805 tretis
437 2749 593 2804 colluctatio
616 2747 744 2803 adversas

708 3037 832 3104 Vffl.

316 3189 387 3272 AD
418 3185 704 3275 CAROLUM
733 3188 792 3272 Ill
819 3187 1235 3277 IMPERATOREM
1289 3222 1291 3226 ⁴

75 3355 239 3421 lLudoeici
251 3355 345 3417 Belli
356 3355 533 3417 salviniaci
544 3354 617 3437 filiis
632 3355 750 3436 regibus
770 3355 888 3417 idoneos
907 3356 1075 3420 educatores
1089 3368 1116 3419 et
1131 3359 1320 3423 consiliarios
1334 3365 1504 3426 constituet.
1527 3401 1529 3405 <
1609 3402 1611 3407 <

553 3488 648 3560 (Apud
664 3488 801 3545 eumdem
817 3506 851 3544 ex
866 3488 993 3558 eodem.)

75 3741 208 3799 »Caeneo
229 3741 395 3812 imperatori
420 3741 546 3811 gloriose
571 3741 780 3811 llrucusausc
801 3743 926 3807 nostros,
943 3739 1124 3813 propinquos
1136 3746 1259 3808 vestros,
1272 3745 1301 3798 sl
1320 3742 1448 3817 pupilles
1462 3744 1526 3801 sine
1545 3751 1627 3818 patre

75 3872 76 3879 ,
90 3848 124 3888 ae
140 3830 232 3903 plebis
243 3831 292 3885 Dei
307 3830 436 3886 santulus
448 3834 620 3901 praesentem
631 3834 660 3885 et
670 3831 747 3885 lulu·
800 3827 863 3884 loco
880 3827 1008 3885 liliorum
1023 3830 1194 3901 teneatis,el
1203 3831 1246 3887 eis
1258 3848 1381 3904 regnum
1392 3833 1429 3889 ab
1440 3837 1629 3892 antecessori-

75 3919 316 3994 tprosperitetem
333 3923 362 3974 el
377 3918 509 3992 gloriam.
763 3948 767 3953 -
801 3918 857 3972 bus
880 3915 999 3973 illorum
1024 3919 1211 3975 successione
1225 3918 1381 3977 dimissum
1398 3937 1449 3994 per
1463 3925 1628 3997 suggestio·

75 4028 86 4069 ι
100 4009 257 4066 laudabilis
272 4007 339 4063 fidei
355 4012 455 4063 vestra
474 4006 683 4079 benignitatem
698 4023 747 4062 er·
801 4022 867 4061 nem
879 4004 1042 4077 primorum
1053 4007 1134 4080 regni
1146 4008 1237 4079 hujus
1247 4009 1515 4083 disponatis,etqui
1526 4013 1563 4069 de
1573 4013 1629 4086 pri·

75 4099 175 4157 ebrini
190 4098 276 4155 vestri
299 4095 602 4168 Ludoviei,quondam
623 4096 746 4151 senioris
802 4093 933 4148 moribus
948 4093 1053 4166 cuique
1068 4094 1186 4151 illorum
1201 4097 1373 4153 convenient
1387 4097 1540 4156 ordinatis.
1552 4102 1588 4156 st
1603 4102 1628 4158 si

75 4187 145 4246 alias
162 4189 217 4244 Deo
233 4187 328 4253 retuli,
341 4190 442 4258 petens
457 4189 490 4241 ut
504 4183 554 4257 qui
570 4183 651 4240 dedit
665 4183 746 4240 vobis
801 4183 874 4237 forle
888 4181 998 4237 luerint
1020 4199 1055 4238 ex
1079 4184 1272 4252 nostratibus,
1289 4185 1339 4257 qui
1365 4185 1465 4257 potius
1479 4203 1544 4258 qua
1568 4204 1627 4244 sua

75 4281 104 4335 st
116 4295 180 4349 quae
194 4263 322 4348 cupistis
337 4275 475 4347 perficere
490 4291 542 4346 pro
557 4273 634 4329 bena
648 4272 748 4331 volun·
800 4270 960 4326 veluntatis
975 4275 1056 4339 sunt,
1073 4287 1162 4345 quam
1182 4284 1258 4344 quaa
1270 4273 1306 4328 ad
1330 4273 1470 4330 honorem
1486 4277 1515 4330 et
1529 4274 1627 4332 delen·

75 4384 110 4426 oc
124 4371 185 4422 tam
207 4383 258 4438 per
281 4381 338 4432 me,
355 4380 444 4436 quam
471 4380 522 4435 per
546 4361 704 4419 familiares
719 4365 748 4418 et
801 4360 914 4416 sionem
929 4363 1035 4417 sancta
1059 4360 1221 4427 Decelesiae,
1237 4378 1271 4418 ae
1291 4360 1584 4436 ministrorumejus,
1600 4369 1630 4422 st

84 4455 158 4515 mihi
183 4455 297 4511 Domini
323 4453 556 4509 misericordiam
571 4468 633 4519 ero,
650 4455 747 4507 utve·
802 4450 838 4505 ad
854 4465 956 4523 regum
972 4467 1006 4506 ac
1022 4449 1102 4523 regui
1119 4467 1221 4523 pacem
1236 4449 1525 4524 ettranquillilalem
1540 4453 1628 4526 perti·

75 4549 127 4605 itas
150 4549 239 4617 alque
264 4542 441 4615 prosperitas
465 4543 494 4596 in
520 4558 574 4598 sua
598 4541 748 4597 voluntate
803 4542 903 4607 neant,
921 4539 1014 4595 lacere
1028 4538 1130 4610 velint,
1147 4539 1290 4611 sapientia
1313 4543 1343 4596 et
1367 4543 1509 4613 potestate
1533 4545 1644 4605 vestra¹

76 4638 136 4703 tur,
152 4638 181 4689 et
196 4637 228 4689 ut
243 4633 272 4688 in
290 4632 346 4687 ude
362 4635 440 4687 recta
459 4635 488 4686 et
506 4630 644 4702 operibus
663 4630 749 4686 bonis
803 4645 853 4684 eos
868 4632 1009 4694 revocate,
1020 4626 1065 4683 vel
1080 4628 1105 4683 si
1129 4627 1217 4683 luerit
1240 4643 1360 4685 necesse
1375 4629 1572 4702 comprimite,
1587 4635 1630 4688 al·

76 4727 157 4781 ntem
173 4723 208 4779 dc
231 4720 383 4794 temporali
406 4737 494 4793 regne
519 4720 697 4792 quandoque
712 4721 750 4776 ad
804 4733 861 4789 que
874 4721 987 4773 exteros
1000 4717 1188 4772 adversantes
1203 4715 1268 4772 lstis
1281 4716 1386 4774 vestris
1406 4717 1486 4786 illlis,
1501 4723 1532 4776 st
1546 4721 1631 4778 nobis

80 4813 232 4888 perducat.
804 4806 943 4862 omnibus
957 4808 1059 4861 vestra
1072 4803 1264 4860 dominationi
1280 4805 1417 4864 fidelibus
1431 4808 1630 4866 defensionem

98 4901 264 4966 Precamur‚
290 4900 413 4955 Domine
442 4898 625 4966 charissime,
651 4903 683 4953 ul
707 4917 750 4955 re·
805 4895 902 4951 solatii
925 4893 1069 4959 exhibete,
1086 4898 1232 4965 quatenus
1247 4898 1276 4951 el
1291 4897 1368 4968 apud
1384 4896 1476 4954 Deum
1501 4898 1641 4953 debitam*

75 4991 89 5047 ti
100 4990 244 5062 adjutoris
255 4993 283 5045 et
298 4987 470 5061 protectoris
485 4986 570 5042 vestri
588 4987 750 5058 regiminis,
805 4988 873 5042 inde
881 4983 1166 5054 remunerationem,
1176 4988 1206 5039 et
1220 4986 1299 5057 apud
1312 4985 1452 5042 seculum
1467 5002 1572 5042 nemen
1587 5001 1631 5041 ce·

77 5097 113 5138 us
139 5078 312 5146 Ecclesiam,
327 5093 416 5149 quam
440 5075 572 5131 Christus
597 5060 754 5147 acquisivit
805 5074 883 5130 lebrc
899 5070 1042 5130 habeatis.

85 5186 150 5237 suo,
163 5168 240 5224 sicut
254 5172 282 5223 et
297 5184 349 5238 per
361 5164 531 5221 uuiversum
547 5165 647 5220 orbem
663 5164 752 5220 diffu-
766 5124 789 5191 D
840 5164 908 5219 Can.
921 5162 955 5218 ll.
968 5162 1002 5218 tlt
1012 5161 1083 5233 quia
1097 5160 1224 5234 legimus
1234 5162 1439 5220 vleAlexandro
1453 5165 1566 5233 blegne,
1578 5176 1629 5216 eu-

75 5258 91 5314 d
105 5274 160 5315 nos
170 5257 199 5312 in
217 5254 319 5311 multis
334 5254 506 5327 collapsam,
517 5259 612 5308 vestro
627 5253 752 5325 sapienti
804 5253 854 5323 jus
870 5251 1045 5325 pedagogus
1060 5248 1202 5306 Leonides
1222 5251 1340 5307 nomine
1357 5250 1420 5315 luit,
1432 5247 1510 5322 quod
1525 5248 1630 5306 citatos

75 5350 92 5402 it
105 5346 260 5420 potestatis
276 5344 384 5399 auxilio
405 5341 546 5407 relevetis,
563 5346 591 5396 et
611 5342 692 5414 regni
708 5341 751 5397 ‹ti-
808 5357 902 5396 naeres
918 5344 945 5396 et
959 5339 1149 5396 inhonestum
1167 5340 1313 5396 tarcessum
1333 5339 1444 5395 habens
1458 5339 1488 5393 iu
1505 5337 1631 5409 puerilia

81 5435 280 5500 consolidetis,
292 5450 325 5490 ac
342 5433 485 5505 primores
502 5431 594 5502 ipsius
607 5431 753 5503 compagi·
807 5431 883 5486 idem
899 5428 1068 5496 Alexander,
1080 5445 1115 5484 ex
1136 5429 1255 5501 prealato
1273 5427 1430 5500 paedagogo
1450 5442 1504 5483 sun
1527 5427 1629 5485 eadem

75 5543 127 5598 {ua
142 5524 171 5581 iu
182 5524 236 5580 hoc
251 5540 339 5596 regne
354 5524 472 5593 prepter
483 5519 680 5576 dissensiones
691 5537 753 5593 per·
807 5515 1073 5590 acecpitvitiaquaa
1086 5517 1205 5573 adultus
1219 5516 1249 5570 in
1260 5514 1356 5587 seipse
1371 5515 1628 5588 corrigerentur,

75 5612 266 5684 untur,evelli
279 5611 437 5675 lactabant
449 5610 751 5682 istosjuvencs,rcges
806 5612 835 5665 et
848 5623 914 5662 cum
931 5605 1031 5663 omnia
1044 5622 1133 5678 regua
1147 5604 1259 5676 vicerit,
1269 5603 1400 5677 seipsum
1416 5606 1446 5661 ia
1460 5606 1509 5662 boc
1523 5606 1643 5663 emacre-
