3824 6096
117 277 173 351 eei
585 282 778 348 irruebant
799 280 1036 348 RHEMENSES
1061 284 1356 350 aaurttuelsceet
1764 286 1826 349 632

118 438 184 479 nem
201 419 276 486 llexi,
294 416 416 476 llomino
432 418 603 491 inspirante,
621 419 739 492 petenti,
757 417 897 492 quaerenti
913 421 943 474 et
956 416 985 485 Α
999 416 1095 475 vimus
1109 436 1145 475 an
1157 418 1665 496 ipsaulteriosvelletindealiquam
1679 419 1829 495 querimo-

117 509 258 586 p'ulsanti,
275 509 428 566 consilium
446 508 582 564 dedimus
598 512 626 565 et
650 507 822 564 medicinale
847 525 941 566 remo-

117 601 199 657 dlum
216 598 416 655 adhibuimus

154 678 230 747 etto
246 691 311 743 (lae.
328 688 377 742 lll.
394 710 408 737 ιι
425 689 507 743 Τιιιιο
525 687 618 743 isdem
644 703 695 742 rex
718 686 836 759 lugubri
861 703 940 754 voce,

118 779 196 852 quod
212 794 265 833 nos
281 777 400 848 quidem
416 794 473 831 non
490 776 553 831 sine
565 792 687 832 moerore
698 780 727 831 et
737 773 835 831 dolore
848 791 944 847 prese·

117 865 338 940 quimur,coepit
353 864 437 921 nobis
452 864 546 920 dicere
561 864 596 920 de
612 882 666 920 sua
680 879 875 936 uxore,quam
891 863 944 919 de-

118 953 287 1013 sideraverit
300 954 417 1019 babere,
434 955 511 1026 quod
529 954 592 1025 ipsa
615 953 729 1009 obnixis
754 956 782 1009 et
797 951 943 1008 continuis

118 1044 255 1119 precibus
271 1042 432 1114 postularet
450 1046 482 1096 ut
496 1040 621 1097 vinculis
637 1041 841 1114 conjugalibus
855 1041 943 1097 abso-

117 1132 191 1199 luta,
209 1130 336 1187 maritali
352 1130 486 1186 videlicet
501 1134 572 1197 tero,
586 1135 618 1185 ut
634 1130 698 1202 ipsa
712 1131 886 1196 testabatur,
902 1128 945 1185 in-

119 1216 218 1294 digna,
235 1237 351 1277 sacrum
366 1219 497 1274 velamen
523 1218 682 1291 suscipere,
698 1224 727 1275 et
749 1217 865 1275 Christo
887 1218 943 1274 Do·

996 507 1075 563 niam
1092 525 1216 581 morere,
1233 515 1288 565 aut
1303 509 1419 583 aliquas
1443 509 1567 567 insidias
1591 509 1698 578 moliri,
1715 508 1741 566 si
1765 526 1827 566 sure

996 594 1127 668 petitioni
1142 598 1323 655 satisfactum
1337 600 1474 656 fieret.Ad
1487 600 1564 673 quod
1575 599 1625 656 illa
1635 599 1729 656 libera
1738 615 1824 655 voce:

997 685 1050 741 Per
1065 702 1130 742 cam
1153 687 1239 743 fidem
1265 705 1353 760 quam
1379 689 1452 757 colo,
1468 689 1520 757 ait,
1535 688 1618 745 vohis
1641 704 1740 744 ceram
1765 688 1826 744 Deo

997 775 1136 847 promitto
1152 778 1222 848 qnia
1237 777 1265 831 in
1282 780 1423 834 eternum
1452 794 1504 834 nee
1524 794 1575 851 per
1599 777 1754 850 meipsam,
1772 794 1826 833 nec

997 879 1049 937 per
1064 881 1162 920 meram
1178 866 1328 940 ingenium
1341 867 1432 923 ullam
1448 866 1516 923 inde
1531 864 1679 940 querclam
1690 867 1825 923 movebo.

1033 946 1312 1021 Glannibanta
1329 955 1455 1028 denique
1476 973 1494 1011 a
1518 955 1657 1028 sepefato
1679 954 1827 1012 confratre

997 1042 1146 1108 nostro,de
1160 1043 1215 1099 hee
1232 1060 1261 1099 re
1277 1042 1405 1100 multum
1422 1044 1567 1113 tristante,
1584 1049 1613 1100 et
1624 1043 1824 1116 angustiante,

998 1146 1031 1185 ae
1045 1129 1172 1201 lugente,
1190 1134 1277 1202 atque
1293 1131 1370 1202 equod
1385 1149 1516 1204 unquam
1530 1130 1610 1188 illins
1630 1131 1826 1188 consessionis

999 1218 1075 1275 eto
1091 1218 1225 1274 conscius
1240 1219 1349 1275 exstitit
1364 1220 1523 1275 admodum
1539 1221 1707 1293 paenitente,
1725 1219 1829 1276 didici·

118 1311 198 1367 mino
213 1309 319 1366 servire
331 1312 499 1364 mereretur.
999 1307 1134 1370 mnshoe
1148 1306 1288 1364 iratribus
1303 1313 1331 1364 et
1340 1307 1615 1381 coepiscopisjuxta
1624 1306 1825 1366 conditionem

154 1401 219 1456 Car.
236 1397 283 1454 IV.
298 1421 311 1447 ιι
330 1398 441 1453 Interea
459 1396 570 1453 missus
594 1396 689 1470 ipsius
706 1397 811 1471 regine
828 1414 881 1453 nos
897 1413 944 1451 ac·
999 1396 1072 1452 data
1083 1394 1217 1468 licentiae,
1228 1396 1292 1453 viva
1307 1414 1374 1453 voce
1385 1397 1565 1453 uomendum
1581 1401 1634 1466 est,
1651 1401 1685 1454 ut
1700 1397 1781 1454 sicut
1794 1400 1825 1454 in

117 1487 242 1554 censivit,
258 1503 346 1543 orans
362 1490 395 1541 ut
408 1485 489 1542 illam
515 1485 595 1541 adire
617 1503 675 1543 non
690 1487 885 1543 tardaremus.
902 1486 944 1542 ad
998 1484 1158 1558 primordio
1182 1485 1294 1541 dietum
1319 1490 1374 1554 est,
1395 1502 1462 1541 cum
1484 1488 1659 1560 argumenta
1681 1486 1827 1543 hactenns

118 1594 208 1652 quam
224 1594 281 1633 non
297 1576 478 1642 accedentes,
495 1574 560 1647 ipsa
575 1592 726 1631 occurrere
742 1575 901 1642 festinavit,
917 1577 946 1630 et
998 1570 1117 1630 latentis
1132 1591 1225 1631 cause
1246 1574 1438 1649 perceperint,
1455 1592 1513 1632 uno
1536 1575 1697 1648 eodemque
1722 1591 1826 1633 omnes

117 1683 191 1741 pene
206 1666 242 1722 ad
259 1666 346 1738 pedes
362 1669 478 1720 nostros
502 1664 647 1733 devoluta,
665 1664 753 1736 eupit
777 1663 823 1719 his
848 1663 945 1720 verbis
999 1663 1121 1719 consilio
1136 1667 1165 1720 et
1179 1680 1323 1721 consensa
1349 1679 1476 1721 errorem
1501 1663 1646 1738 expellant
1668 1668 1699 1722 et
1723 1680 1826 1722 rernm

118 1756 247 1812 multum
277 1753 442 1827 imprecari,
468 1757 586 1827 propter
615 1753 718 1820 Deum,
744 1752 892 1827 inquiens,
917 1755 1171 1854 etBstatuant.»

119 1849 237 1919 propter
251 1842 448 1899 ministerium
464 1846 603 1908 vostrum,
621 1845 741 1900 obsecro
759 1860 811 1900 vos
825 1846 858 1898 ut
872 1841 945 1897 mihi
1309 1878 1518 1936 RESPONSIO·

117 1950 220 1991 verum
236 1932 392 1989 consilium
409 1932 494 1988 detis.

153 2020 277 2078 Car.V.«
294 2020 345 2076 Cui
363 2038 440 2077 nose
454 2020 576 2094 vestigio
588 2019 947 2094 respondentes:Utinam,
1039 2020 1079 2075 De
1104 2018 1193 2091 hujus
1216 2019 1306 2076 libelli
1331 2018 1405 2076 serie
1420 2020 1602 2092 superfluum
1624 2017 1768 2077 duximus
1782 2035 1836 2092 per

124 2109 377 2175 aimus,Dominus
391 2109 476 2164 nobis
487 2109 734 2183 consilium‚qaod
749 2109 800 2165 tibi
810 2108 950 2165 veraciter
1006 2107 1122 2181 singula
1138 2109 1222 2180 qnasi
1242 2109 1445 2180 respondendo
1458 2109 1685 2177 dissererc,cum
1702 2107 1833 2181 ipsesibi

125 2202 155 2255 et
170 2196 327 2253 salubriter
351 2198 464 2266 demus,
482 2197 667 2254 administret
684 2215 690 2254 :
706 2202 823 2253 tantum
845 2200 877 2252 tu
902 2197 949 2252 die
1004 2197 1129 2253 sufficiat
1143 2213 1251 2268 eaque
1267 2196 1395 2253 eontinet
1409 2196 1834 2269 demonstrarqetneeuostrae

125 2287 210 2344 nobis
225 2303 298 2359 pura
312 2291 341 2342 et
354 2285 448 2342 veraci
464 2291 521 2342 tua
546 2286 730 2343 conscientie
756 2285 948 2356 confessione,
1003 2282 1099 2342 laudis
1115 2285 1274 2341 assertione
1292 2285 1422 2358 indigeat
1439 2302 1492 2342 nee
1513 2283 1730 2360 vituperatione
1756 2285 1834 2343 reid-

125 2376 174 2449 qui
191 2378 235 2431 est
248 2376 325 2431 unde
341 2375 496 2431 concilium
514 2378 573 2431 tam
593 2392 730 2446 expressa
756 2373 950 2431 obtestatione
1004 2374 1418 2448 giat.'l'amenquodinquinto
1429 2372 1556 2448 capitulo
1566 2374 1662 2449 ipsius
1671 2373 1834 2450 relegimus

124 2463 249 2538 requiris
264 2483 271 2529 ς
293 2464 362 2536 quia
378 2464 462 2520 aliter
478 2464 530 2520 tibi
547 2465 623 2537 quod
640 2463 715 2536 petis
731 2467 868 2536 prestare
892 2480 950 2518 non
1004 2459 1115 2518 dietum
1132 2463 1167 2518 de
1183 2480 1243 2535 qua
1258 2463 1355 2536 agitur
1368 2462 1482 2519 lemine
1493 2479 1499 2519 :
1510 2462 1591 2520 «Hoc
1602 2478 1832 2537 praemonemus,

124 2555 353 2628 possumus‚nisi
365 2554 405 2610 rei
413 2555 564 2610 veritatem
578 2555 949 2627 agnoscamustloctamen
1004 2551 1115 2625 tibique
1130 2551 1285 2625 diligenter
1300 2552 1491 2626 probibemus
1507 2552 1556 2608 Dei
1572 2557 1601 2608 et
1615 2556 1719 2609 nostra
1731 2553 1834 2610 'eneto-

124 2645 350 2717 praemonemus,
363 2642 476 2714 tibique
491 2643 646 2715 diligenter
660 2642 851 2716 prohibemus
863 2640 911 2696 eei
922 2643 951 2696 et
1005 2641 1100 2708 ritate,
1110 2643 1143 2694 ut
1157 2657 1208 2695 nec
1225 2639 1310 2712 alicuj
1316 2657 1349 2695 us
1365 2639 1511 2709 suasione,
1524 2640 1583 2696 imo
1600 2640 1785 2717 deceptione,
1796 2642 1833 2699 ad

123 2736 224 2789 nostra
239 2731 457 2799 auctoritatate
472 2748 524 2787 nec
537 2731 665 2803 alicujus
680 2730 889 2799 suasione,imo
905 2730 951 2785 de
1004 2725 1077 2785 alios
1092 2730 1218 2784 llonores
1234 2728 1366 2796 invitate,
1378 2744 1431 2784 nec
1445 2727 1552 2785 timore
1566 2727 1727 2801 cujuslibet
1741 2746 1833 2810 pene

128 2821 269 2895 ceptione,
287 2821 323 2877 ed
340 2821 412 2877 alios
426 2819 550 2877 honores
566 2821 698 2888 invitata,
716 2839 769 2877 nee
784 2821 889 2876 timore
903 2836 951 2875 cu·
1003 2816 1048 2873 rel
1064 2816 1176 2886 mortis,
1194 2816 1312 2889 aliquod
1326 2817 1380 2873 tibi
1396 2815 1506 2873 crimen
1527 2816 1600 2874 talso
1624 2818 1790 2893 confingas,
1805 2822 1835 2875 et

119 2910 245 2983 julisbet
262 2927 353 2982 prenae
368 2909 411 2964 rel
429 2909 531 2965 mortis
547 2909 664 2982 aliquod
680 2911 732 2966 tibi
749 2910 860 2965 crimen
876 2905 949 2963 salso
1005 2907 1149 2978 nos,quod
1166 2905 1288 2972 absit,in
1305 2921 1432 2962 errorem
1448 2906 1604 2974 inducas»
1619 2906 1733 2962 mbum
1747 2907 1833 2964 estsi

123 3001 285 3072 confingas,
294 3003 322 3054 et
337 3017 400 3065 nos,
414 3000 490 3071 qnod
508 3000 596 3066 absit,
612 3000 642 3053 in
657 3016 784 3055 errorem
799 2998 923 3054 inducas
940 3012 947 3050 :
1004 2999 1071 3050 ante
1085 3012 1143 3050 non
1158 2994 1215 3050 fuit
1228 2994 1377 3067 cognitum
1388 2996 1466 3067 qnod
1480 2995 1518 3051 ab
1532 3011 1566 3051 ea
1581 2999 1644 3050 crat
1658 2995 1835 3064 dicerem

124 3090 185 3156 sed,
203 3088 280 3143 sicut
294 3087 429 3159 superius
446 3086 672 3154 monuimus,rei
688 3088 850 3151 ueritatem,
862 3082 949 3142 sicuti
1004 3100 1055 3139 cur
1065 3082 1239 3140 taliaeidem
1247 3084 1361 3138 femine
1371 3088 1438 3139 ante
1447 3082 1659 3140 contessionem
1668 3084 1753 3141 luere
1763 3102 1836 3157 pre·

122 3181 177 3248 est,
193 3192 246 3231 nec
262 3175 328 3248 plus
344 3192 396 3230 nec
420 3175 519 3231 minus
541 3176 664 3248 pandas,
682 3192 803 3246 nosque,
821 3173 944 3230 Domino
961 3152 982 3220 (i
1001 3172 1093 3228 missa
1110 3190 1116 3228 :
1133 3177 1162 3228 et
1178 3172 1202 3229 si
1217 3171 1352 3243 pluribus
1368 3189 1433 3245 quae
1448 3172 1574 3229 dicende
1587 3179 1671 3230 erant
1684 3177 1756 3230 ante
1770 3173 1834 3230 lne-

123 3264 260 3330 donante,
278 3262 432 3318 consilium
449 3267 478 3318 et
493 3263 634 3319 auxilium
656 3263 709 3319 tibi
734 3267 871 3335 prestare
894 3264 946 3318 de·
1001 3265 1071 3316 runt
1085 3262 1264 3336 percognita,
1281 3278 1334 3317 eur
1349 3261 1434 3335 quasi
1450 3263 1505 3318 sub
1521 3265 1632 3318 secreta
1647 3262 1835 3319 confessione

123 3348 312 3420 certabimus,
329 3354 360 3404 ot
375 3367 560 3422 nequaquam
576 3368 592 3407 a
608 3354 658 3405 tua
666 3350 783 3421 justitia
799 3349 827 3405 in
849 3350 946 3424 aliquo
1001 3356 1064 3423 que
1080 3351 1157 3406 dicta
1173 3354 1242 3405 sunt
1264 3351 1439 3423 profitentur
1463 3366 1528 3406 esse
1550 3354 1675 3424 recepta.
1690 3346 1753 3408 'sea
1776 3351 1835 3408 hoc

123 3432 315 3494 defrauderis.
1001 3436 1087 3494 mode
1098 3437 1228 3495 accidere
1238 3438 1368 3511 potuisse
1376 3438 1600 3512 putamus,quia
1614 3439 1691 3497 sicut
1703 3436 1835 3514 legimus

158 3526 225 3582 Car.
242 3525 289 3581 Vl.
309 3550 319 3575 ι
337 3527 588 3600 Nequaquam,ait
600 3526 660 3595 illa,
675 3531 747 3583 teste
763 3527 821 3583 Deo
837 3532 865 3583 et
880 3546 945 3600 pro-
1001 3527 1030 3582 in
1046 3527 1151 3583 litteris
1175 3527 1315 3584 divinitus
1339 3527 1502 3601 inspiratis,
1524 3544 1581 3583 non
1605 3540 1725 3601 semper
1748 3518 1836 3586 adest

123 3615 187 3687 pria
201 3615 389 3679 conscientia,
402 3620 477 3671 teste
491 3616 580 3671 etiam
597 3633 661 3672 meo
677 3616 851 3685 confessore,
864 3621 915 3673 aut
930 3635 947 3673 a
1001 3615 1281 3689 prophetisspiritus
1296 3615 1683 3689 prophetie,dicentcllliseo
1693 3616 1731 3672 de
1740 3616 1835 3675 Suna-

122 3700 230 3760 dextris
246 3709 296 3759 aut
309 3721 325 3759 a
340 3701 467 3759 sinistris
483 3701 567 3757 aliter
582 3702 689 3769 dicam,
704 3702 746 3759 vel
762 3704 796 3760 de
813 3721 859 3761 me
875 3706 945 3762 iate·
1001 3704 1072 3760 mite
1087 3705 1122 3760 ad
1139 3704 1216 3761 Giezi
1232 3722 1356 3778 puerum
1372 3720 1460 3762 suum
1478 3722 1484 3761 :
1500 3707 1613 3762 Dimitte
1628 3705 1720 3774 illum,
1734 3702 1834 3764 antino

122 3789 244 3857 bor,nisi
262 3790 509 3863 quemadmodum
522 3788 551 3844 in
563 3790 681 3845 veritate
692 3792 944 3864 estltecognoseo,
999 3794 1074 3849 caim
1087 3793 1145 3864 ejice
1162 3795 1192 3848 in
1205 3792 1392 3850 crrmritudiue
1405 3802 1485 3862 estet
1497 3796 1629 3851 Dominus
1644 3793 1833 3863 oetavitoeoe,

122 3876 228 3949 inquit,
245 3881 274 3933 et
294 3878 329 3932 de
344 3893 391 3933 me
406 3877 470 3949 ipsa
483 3877 554 3945 scio,
571 3877 641 3949 quia
657 3897 714 3934 non
730 3896 796 3935 suni
812 3881 901 3954 digna
915 3883 945 3939 in
999 3889 1025 3939 et
1046 3899 1102 3937 eoo
1128 3882 1261 3939 indicauit
1282 3883 1355 3939 eniti
1378 3882 1426 3953 (IV
1438 3885 1500 3953 lice.
1520 3896 1558 3954 tv,
1572 3885 1638 3952 27);
1656 3886 1685 3940 et
1709 3882 1832 3957 quaudo

122 3964 268 4037 conjugali
285 3965 388 4037 copula
405 3982 574 4038 permanere
588 3983 594 4033 3
612 3971 641 4021 et
655 3965 722 4022 inde
743 3968 825 4024 vohis
840 3974 944 4026 testem
999 3970 1061 4025 vult
1076 3970 1183 4026 iterum
1200 3971 1276 4026 idern
1293 3970 1415 4043 spiritus
1427 3972 1514 4036 adest¹
1524 3970 1684 4045 prophetis.
1701 3970 1788 4029 Unde
1801 3977 1833 4029 ct

121 4051 245 4108 adhibeo
261 4057 431 4126 presentem
443 4054 612 4127 episcopum
624 4054 880 4125 Gunt-harium,cui
892 4076 944 4132 ego
998 4059 1115 4130 Aebias,
1132 4057 1228 4113 divino
1245 4059 1355 4130 Spiritu
1371 4059 1543 4132 inspiratas,
1554 4060 1589 4115 ad
1606 4074 1730 4116 uxorem
1745 4059 1832 4118 Jero-

120 4142 256 4198 e‘ontessa
270 4142 310 4198 sui
329 4159 335 4197 ε
353 4142 415 4216 ipso
430 4143 509 4198 enirn
524 4143 604 4199 novit
626 4142 694 4215 quia
718 4159 770 4216 ege
795 4163 852 4201 non
878 4164 944 4203 sum
999 4147 1085 4203 hoam
1101 4144 1253 4214 dieitmox
1268 4150 1300 4201 ut
1313 4147 1424 4202 audivit
1438 4146 1568 4204 sonitum
1584 4148 1694 4221 pedum
1711 4149 1779 4221 ejus
1790 4147 1832 4205 in·

120 4230 293 4304 dignaoure
309 4231 396 4287 etiam
412 4249 477 4287 mox
493 4249 524 4287 se
539 4236 654 4288 vertens
669 4234 704 4288 ad
720 4232 817 4305 ipsum
832 4236 944 4308 episoo-
999 4234 1142 4292 troeuntis
1167 4252 1217 4309 per
1241 4235 1349 4291 ostium
1365 4251 1371 4292 :
1397 4235 1551 4307 ingredere,
1575 4251 1648 4292 uxor
1673 4236 1830 4309 lacteae,

120 4319 387 4393 pnm‚implorando
402 4322 517 4377 aiebat:
535 4320 624 4393 Rogo,
641 4321 746 4393 inquit,
759 4323 944 4397 episcope,ut
998 4340 1082 4397 quere
1097 4332 1121 4379 tc
1136 4325 1224 4379 etiaim
1235 4339 1291 4379 ease
1305 4324 1447 4380 stractus?
1464 4326 1514 4398 (ill
1526 4312 1829 4401 ltep.x1v).0uap'rop

119 4409 191 4464 istos
206 4413 272 4466 tuos
288 4410 458 4479 confratres,
476 4410 552 4465 sieut
567 4409 672 4467 metius
696 4410 764 4479 seis,
782 4411 943 4485 intelligere
997 4414 1080 4470 tersi
1096 4414 1211 4470 llomini
1228 4414 1366 4486 Spiritus,
1378 4414 1530 4486 quoniam,
1547 4418 1675 4471 testante
1690 4412 1829 4490 Apostolo

118 4497 208 4552 iacias
219 4498 784 4569 quiaitaostsientidemetestimooium
795 4501 941 4572 perhibui.
959 4518 981 4582 p
996 4503 1103 4575 (Epiros.
1116 4520 1154 4570 ιν,
1165 4504 1174 4556 1
1185 4504 1221 4571 1),
1237 4506 1266 4558 et
1282 4507 1413 4575 pastores
1427 4501 1563 4560 Ecclesia
1579 4502 1733 4577 prophetae
1750 4508 1825 4575 sunt,

118 4578 168 4639 eoi
185 4589 365 4640 memoratus
378 4586 542 4657 episcopus:
555 4586 667 4642 Bonum
683 4592 737 4653 est,
750 4587 854 4660 inquit,
866 4594 894 4645 et
911 4593 942 4646 tu
998 4591 1134 4647 revelavit
1148 4590 1310 4647 auriculam
1326 4589 1541 4665 alloquentium
1557 4592 1729 4665 mulierem,
1744 4594 1782 4651 ad
1803 4606 1826 4651 se

118 4673 182 4745 ipsa
191 4672 255 4729 istis
265 4675 337 4729 meis
346 4673 805 4746 cout'ratribusquodadhuelatet
816 4679 940 4750 aperias,
997 4697 1064 4736 cunr
1074 4679 1260 4736 simulatione
1273 4680 1407 4735 fortassis
1422 4679 1670 4746 advenientem,in
1683 4685 1834 4754 potestate

118 4766 359 4833 quatenusextuo
370 4762 541 4835 proprioorc
552 4763 629 4835 quod
642 4763 940 4835 dijudicentaudiant.
996 4768 1090 4841 ipsius
1105 4768 1226 4840 spiritus
1250 4771 1304 4838 est,
1320 4767 1369 4840 qui
1396 4770 1447 4824 obi
1469 4769 1528 4824 vult
1549 4770 1648 4841 spiret,
1665 4770 1700 4824 ut
1715 4770 1856 4829 occultu

117 4851 151 4906 Et
164 4848 214 4906 llla
230 4867 237 4905 ι
254 4851 328 4917 Quid
344 4866 461 4906 necesse
473 4859 526 4919 est,
543 4851 593 4918 ait,
610 4855 643 4906 ut
658 4851 743 4909 aliter
766 4854 861 4910 dicam
885 4856 940 4912 uisi
996 4856 1170 4913 revelatione
1184 4855 1243 4912 illis
1259 4855 1449 4929 suggesserit,
1466 4855 1561 4913 eidem
1587 4854 1709 4912 mulieri
1736 4852 1886 4917 uere*

117 4940 193 4994 sicut
208 4944 239 4995 tu
256 4940 476 5011 nostitpropter
489 4942 578 4995 Deum
594 4938 645 4994 tibi
663 4941 711 5007 sit,
728 4945 759 4996 nt
773 4946 804 4998 tu
821 4943 864 5000 cis
879 4963 940 5000 ma-
995 4963 1050 5002 sua
1065 4944 1235 5001 auctoritate
1248 4943 1454 5018 praeciperem
1468 4946 1510 5002 eis
1518 4943 1660 5002 simulata
1669 4962 1894 5018 praesumffl

116 5027 235 5084 nisestes
252 5045 346 5083 meam
355 5028 817 5099 necessitatemqueparitereum
827 5033 941 5088 seniore
995 5038 1039 5090 ret
1049 5033 1255 5107 quoquomodo
1269 5032 1407 5089 indicare.
1418 5033 1476 5090 Nos
1487 5037 1586 5090 eutem
1595 5032 1630 5088 de
1641 5031 1772 5093 incertis
1782 5024 1908 5092 ‹li-'b

115 5134 180 5172 meo
196 5116 267 5171 mihi
284 5115 429 5170 licentiam
446 5115 567 5182 clettisprt
581 5117 659 5187 quod
671 5117 802 5175 desidero
814 5119 937 5189 iaciam;
995 5121 1146 5194 disputare
1162 5138 1218 5176 non
1235 5120 1381 5189 volumno,
1394 5120 1443 5195 qui
1460 5126 1540 5178 certa
1554 5137 1589 5178 ex
1601 5121 1908 5195 Scripturaraffl

116 5205 195 5276 qrria,
212 5204 319 5276 iuquit,
336 5209 461 5276 prototo
477 5204 587 5259 rurrnrlo
606 5204 671 5260 nolo
694 5223 789 5262 meam
810 5209 940 5265 animam
995 5210 1168 5266 auctoritate
1183 5209 1312 5280 prolerre
1326 5208 1467 5266 valemus.
1478 5211 1552 5266 Nam
1568 5211 1604 5265 de
1619 5209 1823 5269 adhortation·
1843 5216 1908 5263 1

50 5356 63 5377 .
115 5294 252 5363 perdere:
270 5297 299 5346 et
314 5292 377 5346 ideo
394 5309 462 5364 rogo
479 5310 528 5346 vos
539 5298 657 5364 propter
675 5296 763 5348 licum
780 5300 808 5350 ot
823 5302 941 5369 propter
994 5300 1030 5354 ad
1046 5298 1259 5354 contessionem
1276 5297 1386 5352 dictum
1412 5297 1561 5371 legimus:
1585 5299 1685 5353 ltereie
1711 5300 1908 5357 nocens

116 5381 311 5436 ministerium
323 5383 400 5453 equod
416 5379 600 5452 suscepistis,
616 5386 647 5436 nt
660 5381 731 5436 ruilri
749 5385 826 5453 quod
844 5390 942 5457 postu·
993 5389 1068 5442 viarm
1082 5395 1195 5453 tuomet
1208 5403 1288 5458 spero
1304 5389 1331 5441 iu
1347 5402 1410 5442 eoru
1427 5388 1514 5456 (Psoi.
1530 5403 1624 5454 xxxvi,
1640 5387 1682 5455 5).
1698 5384 1745 5445 De
1761 5388 1908 5447 επὶ),

115 5466 142 5522 lo
156 5469 189 5522 ed
207 5468 331 5523 salutem
346 5470 451 5523 anime
468 5486 538 5523 inae
555 5486 611 5524 non
628 5469 787 5542 denegetis
995 5480 1136 5548 sequente
1160 5480 1256 5531 autem
1282 5475 1515 5531 adhortationem
1541 5473 1731 5532 consessione
1759 5473 1908 5536 iterffl

150 5557 218 5608 Gar.
234 5553 293 5611 Vll.
313 5580 327 5604 «
344 5558 426 5614 Tune
442 5573 495 5613 nos
510 5557 639 5629 episcopi
655 5562 801 5616 tentantes
816 5564 939 5634 requisi·
994 5563 1120 5636 legimus
1138 5580 1144 5617 :
1162 5565 1228 5618 ueri
1243 5564 1454 5620 :Praetentate
1471 5565 1639 5635 injustitiam
1665 5572 1763 5622 emron
1777 5568 1897 5625 ooae‘
