<?xml version="1.0" encoding="UTF-8"?>
<!DOCTYPE html PUBLIC "-//W3C//DTD XHTML 1.0 Transitional//EN"
    "http://www.w3.org/TR/xhtml1/DTD/xhtml1-transitional.dtd">
<html xmlns="http://www.w3.org/1999/xhtml" xml:lang="en" lang="en">
 <head>
  <title>
</title>
<meta http-equiv="Content-Type" content="text/html;charset=utf-8" />
  <meta name='ocr-system' content='tesseract 3.04.00' />
  <meta name='ocr-capabilities' content='ocr_page ocr_carea ocr_par ocr_line ocrx_word'/>
</head>
<body>
  <div class='ocr_page' id='page_1' title='image "./patrologiaecurs46unkngoog/patrologiaecurs46unkngoog_0366.png"; bbox 0 0 3810 6098; ppageno 0'>
   <div class='ocr_carea' id='block_1_1' title="bbox 410 318 1710 403">
    <p class='ocr_par' dir='ltr' id='par_1_1' title="bbox 410 318 1710 403">
     <span class='ocr_line' id='line_1_1' title="bbox 410 318 1710 403; baseline 0 -3"><span class='ocrx_word' id='word_1_1' title='bbox 410 340 461 401; x_wconf 86' lang='lat' dir='ltr'><strong>aa</strong></span> <span class='ocrx_word' id='word_1_2' title='bbox 483 336 672 403; x_wconf 86' lang='lat' dir='ltr'><strong>mvoarrc</strong></span> <span class='ocrx_word' id='word_1_3' title='bbox 693 336 880 403; x_wconf 77' lang='lat' dir='ltr'><strong>sarriana</strong></span> <span class='ocrx_word' id='word_1_4' title='bbox 903 340 953 403; x_wconf 86' lang='lat' dir='ltr'><strong>ar</strong></span> <span class='ocrx_word' id='word_1_5' title='bbox 974 338 1206 403; x_wconf 76' lang='lat' dir='ltr'><strong>ceraunos.</strong></span> <span class='ocrx_word' id='word_1_6' title='bbox 1600 328 1662 401; x_wconf 75' lang='lat' dir='ltr'><strong>aas</strong></span> <span class='ocrx_word' id='word_1_7' title='bbox 1706 318 1710 323; x_wconf 88' lang='grc'><strong>’</strong></span> 
     </span>
    </p>
   </div>
   <div class='ocr_carea' id='block_1_2' title="bbox 73 468 1679 5613">
    <p class='ocr_par' dir='ltr' id='par_1_2' title="bbox 73 468 1667 1437">
     <span class='ocr_line' id='line_1_2' title="bbox 73 468 1661 545; baseline -0.001 -13"><span class='ocrx_word' id='word_1_8' title='bbox 73 470 241 545; x_wconf 79' lang='lat' dir='ltr'><strong>sharetica,</strong></span> <span class='ocrx_word' id='word_1_9' title='bbox 254 471 314 529; x_wconf 91' lang='lat' dir='ltr'><strong>sive</strong></span> <span class='ocrx_word' id='word_1_10' title='bbox 325 470 476 529; x_wconf 90' lang='lat' dir='ltr'><strong>mundana</strong></span> <span class='ocrx_word' id='word_1_11' title='bbox 491 471 637 544; x_wconf 76' lang='lat' dir='ltr'><strong>cupiditas</strong></span> <span class='ocrx_word' id='word_1_12' title='bbox 652 470 784 545; x_wconf 90' lang='lat' dir='ltr'><strong>arripue-</strong></span> <span class='ocrx_word' id='word_1_13' title='bbox 798 472 825 541; x_wconf 72' lang='lat' dir='ltr'>A</span> <span class='ocrx_word' id='word_1_14' title='bbox 839 471 865 529; x_wconf 88' lang='lat' dir='ltr'><strong>ei</strong></span> <span class='ocrx_word' id='word_1_15' title='bbox 879 468 1034 545; x_wconf 85' lang='lat' dir='ltr'><strong>epistolam</strong></span> <span class='ocrx_word' id='word_1_16' title='bbox 1050 471 1122 528; x_wconf 81' lang='lat' dir='ltr'><strong>dixit</strong></span> <span class='ocrx_word' id='word_1_17' title='bbox 1138 490 1144 529; x_wconf 94' lang='lat'>:</span> <span class='ocrx_word' id='word_1_18' title='bbox 1160 469 1240 528; x_wconf 86' lang='lat' dir='ltr'><strong>Vade</strong></span> <span class='ocrx_word' id='word_1_19' title='bbox 1264 471 1426 530; x_wconf 90' lang='lat' dir='ltr'><strong>secundum</strong></span> <span class='ocrx_word' id='word_1_20' title='bbox 1448 470 1538 531; x_wconf 89' lang='lat' dir='ltr'><strong>talem</strong></span> <span class='ocrx_word' id='word_1_21' title='bbox 1557 470 1661 531; x_wconf 84' lang='lat' dir='ltr'><strong>haiam</strong></span> 
     </span>
     <span class='ocr_line' id='line_1_3' title="bbox 73 559 1662 636; baseline -0.001 -15"><span class='ocrx_word' id='word_1_22' title='bbox 73 560 231 621; x_wconf 76' lang='lat' dir='ltr'><strong>somnium</strong></span> <span class='ocrx_word' id='word_1_23' title='bbox 248 565 412 635; x_wconf 75' lang='lat' dir='ltr'><strong>prosternet</strong></span> <span class='ocrx_word' id='word_1_24' title='bbox 426 560 456 616; x_wconf 92' lang='lat' dir='ltr'><strong>in</strong></span> <span class='ocrx_word' id='word_1_25' title='bbox 472 559 531 617; x_wconf 93' lang='lat' dir='ltr'><strong>ima</strong></span> <span class='ocrx_word' id='word_1_26' title='bbox 545 560 785 617; x_wconf 86' lang='lat' dir='ltr'><strong>vitiorumUnde</strong></span> <span class='ocrx_word' id='word_1_27' title='bbox 839 563 944 628; x_wconf 87' lang='lat' dir='ltr'><strong>noetis,</strong></span> <span class='ocrx_word' id='word_1_28' title='bbox 961 566 1008 619; x_wconf 90' lang='lat' dir='ltr'><strong>sta</strong></span> <span class='ocrx_word' id='word_1_29' title='bbox 1023 579 1111 636; x_wconf 90' lang='lat' dir='ltr'><strong>super</strong></span> <span class='ocrx_word' id='word_1_30' title='bbox 1131 566 1355 619; x_wconf 77' lang='lat' dir='ltr'><strong>monumentum</strong></span> <span class='ocrx_word' id='word_1_31' title='bbox 1384 560 1511 635; x_wconf 81' lang='lat' dir='ltr'><strong>gentilis,</strong></span> <span class='ocrx_word' id='word_1_32' title='bbox 1527 564 1556 620; x_wconf 88' lang='lat' dir='ltr'><strong>et</strong></span> <span class='ocrx_word' id='word_1_33' title='bbox 1567 562 1662 620; x_wconf 78' lang='lat' dir='ltr'><strong>exalta</strong></span> 
     </span>
     <span class='ocr_line' id='line_1_4' title="bbox 73 649 1663 727; baseline 0 -18"><span class='ocrx_word' id='word_1_34' title='bbox 73 652 203 727; x_wconf 77' lang='lat' dir='ltr'><strong>aquiores</strong></span> <span class='ocrx_word' id='word_1_35' title='bbox 213 654 360 707; x_wconf 89' lang='lat' dir='ltr'><strong>tonceum</strong></span> <span class='ocrx_word' id='word_1_36' title='bbox 371 650 494 723; x_wconf 90' lang='lat' dir='ltr'><strong>spiritus</strong></span> <span class='ocrx_word' id='word_1_37' title='bbox 505 649 784 723; x_wconf 78' lang='lat' dir='ltr'><strong>dicunturingressi,</strong></span> <span class='ocrx_word' id='word_1_38' title='bbox 839 651 973 708; x_wconf 88' lang='lat' dir='ltr'><strong>chartam</strong></span> <span class='ocrx_word' id='word_1_39' title='bbox 985 650 1014 706; x_wconf 94' lang='lat' dir='ltr'><strong>in</strong></span> <span class='ocrx_word' id='word_1_40' title='bbox 1025 668 1101 720; x_wconf 90' lang='lat' dir='ltr'><strong>acre,</strong></span> <span class='ocrx_word' id='word_1_41' title='bbox 1114 655 1143 707; x_wconf 86' lang='lat' dir='ltr'><strong>et</strong></span> <span class='ocrx_word' id='word_1_42' title='bbox 1153 651 1293 708; x_wconf 87' lang='lat' dir='ltr'><strong>astabunt</strong></span> <span class='ocrx_word' id='word_1_43' title='bbox 1308 650 1360 707; x_wconf 86' lang='lat' dir='ltr'><strong>tihi</strong></span> <span class='ocrx_word' id='word_1_44' title='bbox 1376 651 1425 724; x_wconf 85' lang='lat' dir='ltr'><strong>qui</strong></span> <span class='ocrx_word' id='word_1_45' title='bbox 1442 651 1663 709; x_wconf 86' lang='lat' dir='ltr'><strong>dehentdueere</strong></span> 
     </span>
     <span class='ocr_line' id='line_1_5' title="bbox 74 738 1663 812; baseline -0.001 -13"><span class='ocrx_word' id='word_1_46' title='bbox 74 758 97 799; x_wconf 85' lang='lat' dir='ltr'><strong>n</strong></span> <span class='ocrx_word' id='word_1_47' title='bbox 107 740 205 799; x_wconf 81' lang='lat' dir='ltr'><strong>solum</strong></span> <span class='ocrx_word' id='word_1_48' title='bbox 222 738 342 796; x_wconf 91' lang='lat' dir='ltr'><strong>habebit</strong></span> <span class='ocrx_word' id='word_1_49' title='bbox 358 739 408 795; x_wconf 92' lang='lat' dir='ltr'><strong>illa</strong></span> <span class='ocrx_word' id='word_1_50' title='bbox 422 743 533 811; x_wconf 81' lang='lat' dir='ltr'><strong>septem</strong></span> <span class='ocrx_word' id='word_1_51' title='bbox 548 739 628 805; x_wconf 88' lang='lat' dir='ltr'><strong>vitia,</strong></span> <span class='ocrx_word' id='word_1_52' title='bbox 642 755 704 810; x_wconf 80' lang='lat' dir='ltr'><strong>qum</strong></span> <span class='ocrx_word' id='word_1_53' title='bbox 720 755 784 810; x_wconf 93' lang='lat' dir='ltr'><strong>sep·</strong></span> <span class='ocrx_word' id='word_1_54' title='bbox 839 738 1000 797; x_wconf 88' lang='lat' dir='ltr'><strong>lediabolo.</strong></span> <span class='ocrx_word' id='word_1_55' title='bbox 1012 738 1516 812; x_wconf 62' lang='lat' dir='ltr'><strong>Quialacritarhoelaciensjactavit</strong></span> <span class='ocrx_word' id='word_1_56' title='bbox 1525 740 1663 797; x_wconf 88' lang='lat' dir='ltr'><strong>miseram</strong></span> 
     </span>
     <span class='ocr_line' id='line_1_6' title="bbox 73 828 1665 898; baseline -0.001 -12"><span class='ocrx_word' id='word_1_57' title='bbox 73 828 210 887; x_wconf 73' lang='lat' dir='ltr'><strong>ritalibus</strong></span> <span class='ocrx_word' id='word_1_58' title='bbox 221 832 291 884; x_wconf 87' lang='lat' dir='ltr'><strong>sunt</strong></span> <span class='ocrx_word' id='word_1_59' title='bbox 302 828 448 883; x_wconf 91' lang='lat' dir='ltr'><strong>contraria</strong></span> <span class='ocrx_word' id='word_1_60' title='bbox 457 828 681 895; x_wconf 76' lang='lat' dir='ltr'><strong>a·irlutibus,seal</strong></span> <span class='ocrx_word' id='word_1_61' title='bbox 691 831 721 882; x_wconf 89' lang='lat' dir='ltr'><strong>et</strong></span> <span class='ocrx_word' id='word_1_62' title='bbox 736 842 787 898; x_wconf 87' lang='lat' dir='ltr'><strong>per</strong></span> <span class='ocrx_word' id='word_1_63' title='bbox 839 845 938 885; x_wconf 87' lang='lat' dir='ltr'><strong>vocem</strong></span> <span class='ocrx_word' id='word_1_64' title='bbox 952 829 1089 885; x_wconf 85' lang='lat' dir='ltr'><strong>invocans</strong></span> <span class='ocrx_word' id='word_1_65' title='bbox 1100 828 1207 886; x_wconf 89' lang='lat' dir='ltr'><strong>diaboli</strong></span> <span class='ocrx_word' id='word_1_66' title='bbox 1216 828 1407 885; x_wconf 80' lang='lat' dir='ltr'><strong>auxilium.Et</strong></span> <span class='ocrx_word' id='word_1_67' title='bbox 1420 828 1558 884; x_wconf 87' lang='lat' dir='ltr'><strong>continuo</strong></span> <span class='ocrx_word' id='word_1_68' title='bbox 1568 828 1665 885; x_wconf 76' lang='lat' dir='ltr'><strong>astite</strong></span> 
     </span>
     <span class='ocr_line' id='line_1_7' title="bbox 76 914 1664 991; baseline -0.002 -15"><span class='ocrx_word' id='word_1_69' title='bbox 76 918 128 977; x_wconf 82' lang='lat' dir='ltr'><strong>stu</strong></span> <span class='ocrx_word' id='word_1_70' title='bbox 141 916 217 975; x_wconf 62' lang='lat'><strong>058</strong></span> <span class='ocrx_word' id='word_1_71' title='bbox 228 918 308 990; x_wconf 89' lang='lat' dir='ltr'><strong>ipsas</strong></span> <span class='ocrx_word' id='word_1_72' title='bbox 324 934 355 973; x_wconf 89' lang='lat' dir='ltr'><strong>se</strong></span> <span class='ocrx_word' id='word_1_73' title='bbox 369 916 491 972; x_wconf 81' lang='lat' dir='ltr'><strong>uirtutes</strong></span> <span class='ocrx_word' id='word_1_74' title='bbox 505 917 613 972; x_wconf 87' lang='lat' dir='ltr'><strong>habore</strong></span> <span class='ocrx_word' id='word_1_75' title='bbox 624 914 785 971; x_wconf 84' lang='lat' dir='ltr'><strong>simulabit.</strong></span> <span class='ocrx_word' id='word_1_76' title='bbox 841 922 910 974; x_wconf 90' lang='lat' dir='ltr'><strong>runt</strong></span> <span class='ocrx_word' id='word_1_77' title='bbox 921 918 999 975; x_wconf 66' lang='grc'><strong>669</strong></span> <span class='ocrx_word' id='word_1_78' title='bbox 1010 919 1036 975; x_wconf 86' lang='lat' dir='ltr'><strong>ci</strong></span> <span class='ocrx_word' id='word_1_79' title='bbox 1047 918 1194 991; x_wconf 80' lang='lat' dir='ltr'><strong>principes</strong></span> <span class='ocrx_word' id='word_1_80' title='bbox 1214 917 1367 991; x_wconf 85' lang='lat' dir='ltr'><strong>potestatis</strong></span> <span class='ocrx_word' id='word_1_81' title='bbox 1380 918 1566 974; x_wconf 90' lang='lat' dir='ltr'><strong>tenebrarum</strong></span> <span class='ocrx_word' id='word_1_82' title='bbox 1578 917 1664 990; x_wconf 83' lang='lat' dir='ltr'><strong>spiri-</strong></span> 
     </span>
     <span class='ocr_line' id='line_1_8' title="bbox 74 1005 1665 1081; baseline -0.001 -16"><span class='ocrx_word' id='word_1_83' title='bbox 74 1008 157 1065; x_wconf 83' lang='lat' dir='ltr'><strong>nodo</strong></span> <span class='ocrx_word' id='word_1_84' title='bbox 172 1007 201 1063; x_wconf 90' lang='lat' dir='ltr'><strong>in</strong></span> <span class='ocrx_word' id='word_1_85' title='bbox 218 1007 295 1063; x_wconf 89' lang='lat' dir='ltr'><strong>lsaia</strong></span> <span class='ocrx_word' id='word_1_86' title='bbox 309 1009 379 1078; x_wconf 87' lang='lat' dir='ltr'><strong>(cap.</strong></span> <span class='ocrx_word' id='word_1_87' title='bbox 392 1006 442 1077; x_wconf 81' lang='lat' dir='ltr'><strong>xa),</strong></span> <span class='ocrx_word' id='word_1_88' title='bbox 458 1022 545 1078; x_wconf 91' lang='lat' dir='ltr'><strong>super</strong></span> <span class='ocrx_word' id='word_1_89' title='bbox 559 1005 670 1077; x_wconf 78' lang='lat' dir='ltr'><strong>virgam</strong></span> <span class='ocrx_word' id='word_1_90' title='bbox 686 1005 721 1059; x_wconf 89' lang='lat' dir='ltr'><strong>do</strong></span> <span class='ocrx_word' id='word_1_91' title='bbox 738 1021 785 1058; x_wconf 88' lang='lat' dir='ltr'><strong>ra·</strong></span> <span class='ocrx_word' id='word_1_92' title='bbox 841 1006 1075 1081; x_wconf 86' lang='lat' dir='ltr'><strong>talianequitia,</strong></span> <span class='ocrx_word' id='word_1_93' title='bbox 1091 1011 1121 1063; x_wconf 91' lang='lat' dir='ltr'><strong>et</strong></span> <span class='ocrx_word' id='word_1_94' title='bbox 1142 1007 1393 1080; x_wconf 78' lang='lat' dir='ltr'><strong>apprehendentes</strong></span> <span class='ocrx_word' id='word_1_95' title='bbox 1423 1010 1568 1064; x_wconf 80' lang='lat' dir='ltr'><strong>errantem</strong></span> <span class='ocrx_word' id='word_1_96' title='bbox 1597 1023 1665 1063; x_wconf 92' lang='lat' dir='ltr'><strong>cum</strong></span> 
     </span>
     <span class='ocr_line' id='line_1_9' title="bbox 74 1088 1667 1170; baseline -0.001 -18"><span class='ocrx_word' id='word_1_97' title='bbox 74 1112 134 1161; x_wconf 83' lang='lat' dir='ltr'><strong>ssa,</strong></span> <span class='ocrx_word' id='word_1_98' title='bbox 145 1100 174 1152; x_wconf 85' lang='lat' dir='ltr'><strong>ct</strong></span> <span class='ocrx_word' id='word_1_99' title='bbox 188 1096 289 1151; x_wconf 84' lang='lat' dir='ltr'><strong>florem</strong></span> <span class='ocrx_word' id='word_1_100' title='bbox 306 1093 354 1167; x_wconf 90' lang='lat' dir='ltr'><strong>qui</strong></span> <span class='ocrx_word' id='word_1_101' title='bbox 371 1096 406 1149; x_wconf 90' lang='lat' dir='ltr'><strong>dc</strong></span> <span class='ocrx_word' id='word_1_102' title='bbox 422 1094 518 1149; x_wconf 88' lang='lat' dir='ltr'><strong>radice</strong></span> <span class='ocrx_word' id='word_1_103' title='bbox 534 1093 714 1158; x_wconf 78' lang='lat' dir='ltr'><strong>conscendit,</strong></span> <span class='ocrx_word' id='word_1_104' title='bbox 725 1110 788 1167; x_wconf 86' lang='lat' dir='ltr'><strong>scp-</strong></span> <span class='ocrx_word' id='word_1_105' title='bbox 841 1097 948 1170; x_wconf 83' lang='lat' dir='ltr'><strong>gaudio</strong></span> <span class='ocrx_word' id='word_1_106' title='bbox 962 1112 1079 1169; x_wconf 82' lang='lat' dir='ltr'><strong>magno,</strong></span> <span class='ocrx_word' id='word_1_107' title='bbox 1097 1097 1244 1153; x_wconf 85' lang='lat' dir='ltr'><strong>duxerunt</strong></span> <span class='ocrx_word' id='word_1_108' title='bbox 1258 1113 1326 1152; x_wconf 92' lang='lat' dir='ltr'><strong>eum</strong></span> <span class='ocrx_word' id='word_1_109' title='bbox 1342 1096 1392 1152; x_wconf 92' lang='lat' dir='ltr'><strong>uhi</strong></span> <span class='ocrx_word' id='word_1_110' title='bbox 1405 1100 1468 1152; x_wconf 90' lang='lat' dir='ltr'><strong>erat</strong></span> <span class='ocrx_word' id='word_1_111' title='bbox 1482 1088 1627 1162; x_wconf 86' lang='lat' dir='ltr'><strong>diabolus,</strong></span> <span class='ocrx_word' id='word_1_112' title='bbox 1638 1098 1667 1151; x_wconf 88' lang='lat' dir='ltr'><strong>et</strong></span> 
     </span>
     <span class='ocr_line' id='line_1_10' title="bbox 78 1182 1665 1259; baseline -0.002 -18"><span class='ocrx_word' id='word_1_113' title='bbox 78 1184 158 1241; x_wconf 89' lang='lat' dir='ltr'><strong>ritus</strong></span> <span class='ocrx_word' id='word_1_114' title='bbox 173 1184 315 1240; x_wconf 87' lang='lat' dir='ltr'><strong>virtutum</strong></span> <span class='ocrx_word' id='word_1_115' title='bbox 331 1182 517 1239; x_wconf 78' lang='lat' dir='ltr'><strong>alescendisse</strong></span> <span class='ocrx_word' id='word_1_116' title='bbox 532 1183 744 1250; x_wconf 89' lang='lat' dir='ltr'><strong>narrantur,ita</strong></span> <span class='ocrx_word' id='word_1_117' title='bbox 758 1186 788 1237; x_wconf 88' lang='lat' dir='ltr'><strong>ot</strong></span> <span class='ocrx_word' id='word_1_118' title='bbox 842 1184 1034 1242; x_wconf 83' lang='lat' dir='ltr'><strong>ostenderunt</strong></span> <span class='ocrx_word' id='word_1_119' title='bbox 1049 1186 1074 1241; x_wconf 90' lang='lat' dir='ltr'><strong>ei</strong></span> <span class='ocrx_word' id='word_1_120' title='bbox 1091 1186 1188 1259; x_wconf 88' lang='lat' dir='ltr'><strong>ipsam</strong></span> <span class='ocrx_word' id='word_1_121' title='bbox 1211 1186 1361 1242; x_wconf 79' lang='lat' dir='ltr'><strong>sedentem</strong></span> <span class='ocrx_word' id='word_1_122' title='bbox 1377 1186 1406 1242; x_wconf 93' lang='lat' dir='ltr'><strong>in</strong></span> <span class='ocrx_word' id='word_1_123' title='bbox 1422 1185 1491 1242; x_wconf 89' lang='lat' dir='ltr'><strong>sede</strong></span> <span class='ocrx_word' id='word_1_124' title='bbox 1505 1184 1575 1252; x_wconf 81' lang='lat' dir='ltr'><strong>altu,</strong></span> <span class='ocrx_word' id='word_1_125' title='bbox 1591 1186 1621 1241; x_wconf 85' lang='lat' dir='ltr'><strong>ei</strong></span> <span class='ocrx_word' id='word_1_126' title='bbox 1636 1182 1665 1239; x_wconf 92' lang='lat' dir='ltr'><strong>in</strong></span> 
     </span>
     <span class='ocr_line' id='line_1_11' title="bbox 74 1271 1666 1347; baseline -0.002 -16"><span class='ocrx_word' id='word_1_127' title='bbox 74 1272 134 1331; x_wconf 76' lang='lat' dir='ltr'><strong>ario</strong></span> <span class='ocrx_word' id='word_1_128' title='bbox 144 1272 279 1330; x_wconf 92' lang='lat' dir='ltr'><strong>vitiorum</strong></span> <span class='ocrx_word' id='word_1_129' title='bbox 296 1290 437 1328; x_wconf 88' lang='lat' dir='ltr'><strong>numerus</strong></span> <span class='ocrx_word' id='word_1_130' title='bbox 452 1271 481 1327; x_wconf 90' lang='lat' dir='ltr'><strong>in</strong></span> <span class='ocrx_word' id='word_1_131' title='bbox 497 1272 613 1327; x_wconf 85' lang='lat' dir='ltr'><strong>‹liabolo</strong></span> <span class='ocrx_word' id='word_1_132' title='bbox 625 1276 669 1325; x_wconf 83' lang='lat' dir='ltr'><strong>ast</strong></span> <span class='ocrx_word' id='word_1_133' title='bbox 683 1288 785 1326; x_wconf 89' lang='lat' dir='ltr'><strong>consc-</strong></span> <span class='ocrx_word' id='word_1_134' title='bbox 842 1275 965 1331; x_wconf 89' lang='lat' dir='ltr'><strong>circuitu</strong></span> <span class='ocrx_word' id='word_1_135' title='bbox 977 1275 1041 1347; x_wconf 87' lang='lat' dir='ltr'><strong>ejus</strong></span> <span class='ocrx_word' id='word_1_136' title='bbox 1052 1274 1245 1347; x_wconf 75' lang='lat' dir='ltr'><strong>malignitatis</strong></span> <span class='ocrx_word' id='word_1_137' title='bbox 1255 1275 1377 1347; x_wconf 88' lang='lat' dir='ltr'><strong>spiritus</strong></span> <span class='ocrx_word' id='word_1_138' title='bbox 1397 1278 1519 1341; x_wconf 89' lang='lat' dir='ltr'><strong>stantes,</strong></span> <span class='ocrx_word' id='word_1_139' title='bbox 1531 1277 1560 1329; x_wconf 86' lang='lat' dir='ltr'><strong>et</strong></span> <span class='ocrx_word' id='word_1_140' title='bbox 1574 1273 1666 1330; x_wconf 90' lang='lat' dir='ltr'><strong>susci·</strong></span> 
     </span>
     <span class='ocr_line' id='line_1_12' title="bbox 842 1362 1663 1437; baseline 0.001 -19"><span class='ocrx_word' id='word_1_141' title='bbox 842 1363 925 1437; x_wconf 91' lang='lat' dir='ltr'><strong>piens</strong></span> <span class='ocrx_word' id='word_1_142' title='bbox 941 1362 1072 1419; x_wconf 89' lang='lat' dir='ltr'><strong>missasa</strong></span> <span class='ocrx_word' id='word_1_143' title='bbox 1083 1362 1214 1419; x_wconf 84' lang='lat' dir='ltr'><strong>malcllco</strong></span> <span class='ocrx_word' id='word_1_144' title='bbox 1230 1363 1343 1420; x_wconf 88' lang='lat' dir='ltr'><strong>litteras</strong></span> <span class='ocrx_word' id='word_1_145' title='bbox 1358 1364 1431 1419; x_wconf 82' lang='lat' dir='ltr'><strong>dixit</strong></span> <span class='ocrx_word' id='word_1_146' title='bbox 1446 1362 1482 1419; x_wconf 90' lang='lat' dir='ltr'><strong>ad</strong></span> <span class='ocrx_word' id='word_1_147' title='bbox 1498 1363 1640 1420; x_wconf 89' lang='lat' dir='ltr'><strong>miserum</strong></span> <span class='ocrx_word' id='word_1_148' title='bbox 1657 1380 1663 1419; x_wconf 92' lang='lat'>:</span> 
     </span>
    </p>

    <p class='ocr_par' dir='ltr' id='par_1_3' title="bbox 74 1440 1677 5343">
     <span class='ocr_line' id='line_1_13' title="bbox 84 1440 1666 1525; baseline -0.003 -15"><span class='ocrx_word' id='word_1_149' title='bbox 84 1452 117 1511; x_wconf 80' lang='lat' dir='ltr'><strong>ei</strong></span> <span class='ocrx_word' id='word_1_150' title='bbox 131 1452 188 1508; x_wconf 83' lang='lat' dir='ltr'><strong>alia</strong></span> <span class='ocrx_word' id='word_1_151' title='bbox 202 1453 289 1507; x_wconf 88' lang='lat' dir='ltr'><strong>etiarn</strong></span> <span class='ocrx_word' id='word_1_152' title='bbox 305 1467 413 1523; x_wconf 77' lang='lat' dir='ltr'><strong>genera</strong></span> <span class='ocrx_word' id='word_1_153' title='bbox 437 1451 614 1517; x_wconf 82' lang='lat' dir='ltr'><strong>damonum,</strong></span> <span class='ocrx_word' id='word_1_154' title='bbox 631 1466 705 1521; x_wconf 90' lang='lat' dir='ltr'><strong>quos</strong></span> <span class='ocrx_word' id='word_1_155' title='bbox 721 1448 790 1521; x_wconf 75' lang='lat' dir='ltr'><strong>logi·</strong></span> <span class='ocrx_word' id='word_1_156' title='bbox 842 1452 982 1509; x_wconf 86' lang='lat' dir='ltr'><strong>Crcdisin</strong></span> <span class='ocrx_word' id='word_1_157' title='bbox 993 1470 1039 1509; x_wconf 91' lang='lat' dir='ltr'><strong>me</strong></span> <span class='ocrx_word' id='word_1_158' title='bbox 1050 1454 1063 1508; x_wconf 85' lang='lat' dir='ltr'><strong>l</strong></span> <span class='ocrx_word' id='word_1_159' title='bbox 1074 1453 1127 1520; x_wconf 85' lang='lat' dir='ltr'><strong>Qui</strong></span> <span class='ocrx_word' id='word_1_160' title='bbox 1139 1453 1199 1509; x_wconf 91' lang='lat' dir='ltr'><strong>ait:</strong></span> <span class='ocrx_word' id='word_1_161' title='bbox 1220 1452 1321 1509; x_wconf 80' lang='lat' dir='ltr'><strong>Credo.</strong></span> <span class='ocrx_word' id='word_1_162' title='bbox 1337 1446 1392 1508; x_wconf 81' lang='lat' dir='ltr'><strong>llt&#39;:</strong></span> <span class='ocrx_word' id='word_1_163' title='bbox 1409 1452 1502 1525; x_wconf 78' lang='lat' dir='ltr'><strong>Negas</strong></span> <span class='ocrx_word' id='word_1_164' title='bbox 1516 1440 1666 1508; x_wconf 79' lang='lat' dir='ltr'><strong>Christum</strong></span> 
     </span>
     <span class='ocr_line' id='line_1_14' title="bbox 74 1531 1667 1617; baseline -0.002 -19"><span class='ocrx_word' id='word_1_165' title='bbox 74 1552 132 1617; x_wconf 86' lang='lat' dir='ltr'><strong>por</strong></span> <span class='ocrx_word' id='word_1_166' title='bbox 141 1539 267 1614; x_wconf 81' lang='lat' dir='ltr'><strong>singulis</strong></span> <span class='ocrx_word' id='word_1_167' title='bbox 282 1539 359 1595; x_wconf 90' lang='lat' dir='ltr'><strong>viliis</strong></span> <span class='ocrx_word' id='word_1_168' title='bbox 370 1539 406 1595; x_wconf 92' lang='lat' dir='ltr'><strong>ab</strong></span> <span class='ocrx_word' id='word_1_169' title='bbox 417 1556 517 1595; x_wconf 88' lang='lat' dir='ltr'><strong>eorum</strong></span> <span class='ocrx_word' id='word_1_170' title='bbox 534 1531 665 1611; x_wconf 84' lang='lat' dir='ltr'><strong>piincipe</strong></span> <span class='ocrx_word' id='word_1_171' title='bbox 680 1538 788 1593; x_wconf 89' lang='lat' dir='ltr'><strong>consti·</strong></span> <span class='ocrx_word' id='word_1_172' title='bbox 841 1545 927 1597; x_wconf 92' lang='lat' dir='ltr'><strong>tuum</strong></span> <span class='ocrx_word' id='word_1_173' title='bbox 937 1542 951 1598; x_wconf 90' lang='lat' dir='ltr'><strong>‘l</strong></span> <span class='ocrx_word' id='word_1_174' title='bbox 961 1539 1015 1610; x_wconf 80' lang='lat' dir='ltr'><strong>uui</strong></span> <span class='ocrx_word' id='word_1_175' title='bbox 1027 1541 1177 1614; x_wconf 90' lang='lat' dir='ltr'><strong>respondit</strong></span> <span class='ocrx_word' id='word_1_176' title='bbox 1189 1559 1195 1598; x_wconf 92' lang='lat'><strong>:</strong></span> <span class='ocrx_word' id='word_1_177' title='bbox 1209 1540 1297 1615; x_wconf 80' lang='lat' dir='ltr'><strong>Nego.</strong></span> <span class='ocrx_word' id='word_1_178' title='bbox 1309 1540 1385 1598; x_wconf 87' lang='lat' dir='ltr'><strong>Dicit</strong></span> <span class='ocrx_word' id='word_1_179' title='bbox 1399 1538 1425 1597; x_wconf 91' lang='lat' dir='ltr'><strong>ei</strong></span> <span class='ocrx_word' id='word_1_180' title='bbox 1440 1538 1591 1596; x_wconf 88' lang='lat' dir='ltr'><strong>diabolus:</strong></span> <span class='ocrx_word' id='word_1_181' title='bbox 1604 1540 1667 1597; x_wconf 87' lang='lat' dir='ltr'><strong>Per·</strong></span> 
     </span>
     <span class='ocr_line' id='line_1_15' title="bbox 74 1627 1666 1705; baseline -0.001 -19"><span class='ocrx_word' id='word_1_182' title='bbox 74 1644 135 1705; x_wconf 69' lang='lat' dir='ltr'><strong>prae</strong></span> <span class='ocrx_word' id='word_1_183' title='bbox 150 1629 198 1686; x_wconf 87' lang='lat' dir='ltr'><strong>hic</strong></span> <span class='ocrx_word' id='word_1_184' title='bbox 213 1627 352 1685; x_wconf 89' lang='lat' dir='ltr'><strong>adnotare</strong></span> <span class='ocrx_word' id='word_1_185' title='bbox 366 1627 672 1683; x_wconf 80' lang='lat' dir='ltr'><strong>omittimus&#39;lantam</strong></span> <span class='ocrx_word' id='word_1_186' title='bbox 688 1627 723 1682; x_wconf 89' lang='lat' dir='ltr'><strong>de</strong></span> <span class='ocrx_word' id='word_1_187' title='bbox 735 1627 790 1682; x_wconf 78' lang='lat' dir='ltr'><strong>dra·</strong></span> <span class='ocrx_word' id='word_1_188' title='bbox 843 1630 893 1686; x_wconf 85' lang='lat' dir='ltr'><strong>fidi</strong></span> <span class='ocrx_word' id='word_1_189' title='bbox 905 1630 977 1687; x_wconf 87' lang='lat' dir='ltr'><strong>estis</strong></span> <span class='ocrx_word' id='word_1_190' title='bbox 991 1647 1042 1687; x_wconf 91' lang='lat' dir='ltr'><strong>vos</strong></span> <span class='ocrx_word' id='word_1_191' title='bbox 1057 1630 1226 1697; x_wconf 87' lang='lat' dir='ltr'><strong>Christiani,</strong></span> <span class='ocrx_word' id='word_1_192' title='bbox 1239 1634 1268 1688; x_wconf 90' lang='lat' dir='ltr'><strong>et</strong></span> <span class='ocrx_word' id='word_1_193' title='bbox 1278 1631 1395 1703; x_wconf 89' lang='lat' dir='ltr'><strong>quando</strong></span> <span class='ocrx_word' id='word_1_194' title='bbox 1409 1629 1529 1702; x_wconf 84' lang='lat' dir='ltr'><strong>quidem</strong></span> <span class='ocrx_word' id='word_1_195' title='bbox 1539 1642 1666 1702; x_wconf 91' lang='lat' dir='ltr'><strong>opusme</strong></span> 
     </span>
     <span class='ocr_line' id='line_1_16' title="bbox 74 1716 1665 1793; baseline -0.003 -16"><span class='ocrx_word' id='word_1_196' title='bbox 74 1730 104 1777; x_wconf 73' lang='lat' dir='ltr'><strong>rs</strong></span> <span class='ocrx_word' id='word_1_197' title='bbox 113 1717 165 1793; x_wconf 80' lang='lat' dir='ltr'><strong>qui</strong></span> <span class='ocrx_word' id='word_1_198' title='bbox 174 1734 264 1791; x_wconf 91' lang='lat' dir='ltr'><strong>super</strong></span> <span class='ocrx_word' id='word_1_199' title='bbox 279 1716 501 1772; x_wconf 82' lang='lat' dir='ltr'><strong>fornicationem</strong></span> <span class='ocrx_word' id='word_1_200' title='bbox 513 1720 584 1771; x_wconf 89' lang='lat' dir='ltr'><strong>sunt</strong></span> <span class='ocrx_word' id='word_1_201' title='bbox 595 1716 734 1771; x_wconf 90' lang='lat' dir='ltr'><strong>adnotare</strong></span> <span class='ocrx_word' id='word_1_202' title='bbox 743 1732 790 1771; x_wconf 93' lang='lat' dir='ltr'><strong>cu·</strong></span> <span class='ocrx_word' id='word_1_203' title='bbox 843 1718 1078 1787; x_wconf 88' lang='lat' dir='ltr'><strong>hahetis,venitis</strong></span> <span class='ocrx_word' id='word_1_204' title='bbox 1089 1719 1125 1776; x_wconf 92' lang='lat' dir='ltr'><strong>ad</strong></span> <span class='ocrx_word' id='word_1_205' title='bbox 1137 1716 1665 1792; x_wconf 82' lang='lat' dir='ltr'><strong>me;quandoqnidcmcousequimini</strong></span> 
     </span>
     <span class='ocr_line' id='line_1_17' title="bbox 74 1803 1665 1881; baseline 0.002 -22"><span class='ocrx_word' id='word_1_206' title='bbox 74 1804 270 1865; x_wconf 85' lang='lat' dir='ltr'><strong>monstraturi</strong></span> <span class='ocrx_word' id='word_1_207' title='bbox 280 1804 418 1878; x_wconf 87' lang='lat' dir='ltr'><strong>quoniam</strong></span> <span class='ocrx_word' id='word_1_208' title='bbox 430 1803 500 1860; x_wconf 89' lang='lat' dir='ltr'><strong>talia</strong></span> <span class='ocrx_word' id='word_1_209' title='bbox 510 1808 579 1859; x_wconf 91' lang='lat' dir='ltr'><strong>sunt</strong></span> <span class='ocrx_word' id='word_1_210' title='bbox 589 1804 790 1876; x_wconf 83' lang='lat' dir='ltr'><strong>etiamgeuera</strong></span> <span class='ocrx_word' id='word_1_211' title='bbox 843 1808 1022 1866; x_wconf 89' lang='lat' dir='ltr'><strong>desiderium</strong></span> <span class='ocrx_word' id='word_1_212' title='bbox 1050 1813 1192 1878; x_wconf 91' lang='lat' dir='ltr'><strong>vestram,</strong></span> <span class='ocrx_word' id='word_1_213' title='bbox 1217 1808 1332 1881; x_wconf 82' lang='lat' dir='ltr'><strong>negatis</strong></span> <span class='ocrx_word' id='word_1_214' title='bbox 1357 1822 1414 1880; x_wconf 89' lang='lat' dir='ltr'><strong>me,</strong></span> <span class='ocrx_word' id='word_1_215' title='bbox 1427 1809 1457 1863; x_wconf 91' lang='lat' dir='ltr'><strong>et</strong></span> <span class='ocrx_word' id='word_1_216' title='bbox 1478 1805 1615 1862; x_wconf 87' lang='lat' dir='ltr'><strong>acceditis</strong></span> <span class='ocrx_word' id='word_1_217' title='bbox 1629 1805 1665 1862; x_wconf 88' lang='lat' dir='ltr'><strong>ad</strong></span> 
     </span>
     <span class='ocr_line' id='line_1_18' title="bbox 74 1892 1666 1971; baseline -0.005 -14"><span class='ocrx_word' id='word_1_218' title='bbox 74 1896 195 1970; x_wconf 83' lang='lat' dir='ltr'><strong>um‚qui</strong></span> <span class='ocrx_word' id='word_1_219' title='bbox 211 1900 326 1952; x_wconf 79' lang='lat' dir='ltr'><strong>lunium</strong></span> <span class='ocrx_word' id='word_1_220' title='bbox 342 1895 372 1950; x_wconf 91' lang='lat' dir='ltr'><strong>iu</strong></span> <span class='ocrx_word' id='word_1_221' title='bbox 390 1894 631 1951; x_wconf 74' lang='lat' dir='ltr'><strong>fornicationibus</strong></span> <span class='ocrx_word' id='word_1_222' title='bbox 641 1892 788 1949; x_wconf 75' lang='lat' dir='ltr'><strong>duleuluu·</strong></span> <span class='ocrx_word' id='word_1_223' title='bbox 844 1898 994 1954; x_wconf 89' lang='lat' dir='ltr'><strong>Christum</strong></span> <span class='ocrx_word' id='word_1_224' title='bbox 1004 1897 1200 1971; x_wconf 88' lang='lat' dir='ltr'><strong>vestrum,qui</strong></span> <span class='ocrx_word' id='word_1_225' title='bbox 1212 1903 1257 1955; x_wconf 91' lang='lat' dir='ltr'><strong>est</strong></span> <span class='ocrx_word' id='word_1_226' title='bbox 1267 1897 1412 1971; x_wconf 84' lang='lat' dir='ltr'><strong>benignus</strong></span> <span class='ocrx_word' id='word_1_227' title='bbox 1422 1911 1455 1952; x_wconf 90' lang='lat' dir='ltr'><strong>ac</strong></span> <span class='ocrx_word' id='word_1_228' title='bbox 1470 1894 1666 1951; x_wconf 88' lang='lat' dir='ltr'><strong>clementissi-</strong></span> 
     </span>
     <span class='ocr_line' id='line_1_19' title="bbox 81 1981 1667 2061; baseline -0.004 -17"><span class='ocrx_word' id='word_1_229' title='bbox 81 1986 173 2045; x_wconf 82' lang='lat' dir='ltr'><strong>etiam</strong></span> <span class='ocrx_word' id='word_1_230' title='bbox 189 1985 352 2041; x_wconf 83' lang='lat' dir='ltr'><strong>humanum</strong></span> <span class='ocrx_word' id='word_1_231' title='bbox 373 1984 561 2039; x_wconf 68' lang='lat' dir='ltr'><strong>concubitum</strong></span> <span class='ocrx_word' id='word_1_232' title='bbox 577 1986 712 2056; x_wconf 70' lang='lat' dir='ltr'><strong>expetunt</strong></span> <span class='ocrx_word' id='word_1_233' title='bbox 728 1999 735 2036; x_wconf 75' lang='grc' dir='ltr'><em>τ</em></span> <span class='ocrx_word' id='word_1_234' title='bbox 752 1981 788 2035; x_wconf 79' lang='lat' dir='ltr'><strong>du</strong></span> <span class='ocrx_word' id='word_1_235' title='bbox 823 2005 922 2054; x_wconf 81' lang='lat' dir='ltr'><strong>mus,</strong></span> <span class='ocrx_word' id='word_1_236' title='bbox 933 1991 962 2044; x_wconf 92' lang='lat' dir='ltr'><strong>et</strong></span> <span class='ocrx_word' id='word_1_237' title='bbox 976 1987 1100 2061; x_wconf 85' lang='lat' dir='ltr'><strong>suscipit</strong></span> <span class='ocrx_word' id='word_1_238' title='bbox 1112 2004 1174 2043; x_wconf 89' lang='lat' dir='ltr'><strong>vos.</strong></span> <span class='ocrx_word' id='word_1_239' title='bbox 1192 1986 1246 2043; x_wconf 91' lang='lat' dir='ltr'><strong>Sed</strong></span> <span class='ocrx_word' id='word_1_240' title='bbox 1271 1984 1315 2042; x_wconf 88' lang='lat' dir='ltr'><strong>lac</strong></span> <span class='ocrx_word' id='word_1_241' title='bbox 1340 1986 1411 2042; x_wconf 89' lang='lat' dir='ltr'><strong>mihi</strong></span> <span class='ocrx_word' id='word_1_242' title='bbox 1436 1982 1667 2051; x_wconf 89' lang='lat' dir='ltr'><strong>manuscriplam</strong></span> 
     </span>
     <span class='ocr_line' id='line_1_20' title="bbox 76 2069 1669 2148; baseline -0.003 -19"><span class='ocrx_word' id='word_1_243' title='bbox 76 2074 180 2148; x_wconf 75' lang='lat' dir='ltr'><strong>aliqua</strong></span> <span class='ocrx_word' id='word_1_244' title='bbox 188 2074 279 2130; x_wconf 89' lang='lat' dir='ltr'><strong>nestri</strong></span> <span class='ocrx_word' id='word_1_245' title='bbox 291 2072 502 2145; x_wconf 89' lang='lat' dir='ltr'><strong>temporisacta</strong></span> <span class='ocrx_word' id='word_1_246' title='bbox 508 2071 603 2127; x_wconf 76' lang='lat' dir='ltr'><strong>«licere</strong></span> <span class='ocrx_word' id='word_1_247' title='bbox 609 2075 787 2143; x_wconf 91' lang='lat' dir='ltr'><strong>poteramus,</strong></span> <span class='ocrx_word' id='word_1_248' title='bbox 843 2075 948 2131; x_wconf 86' lang='lat' dir='ltr'><strong>Christi</strong></span> <span class='ocrx_word' id='word_1_249' title='bbox 960 2075 1002 2132; x_wconf 90' lang='lat' dir='ltr'><strong>tui</strong></span> <span class='ocrx_word' id='word_1_250' title='bbox 1013 2081 1041 2131; x_wconf 92' lang='lat' dir='ltr'><strong>et</strong></span> <span class='ocrx_word' id='word_1_251' title='bbox 1051 2074 1239 2148; x_wconf 88' lang='lat' dir='ltr'><strong>baptismatis</strong></span> <span class='ocrx_word' id='word_1_252' title='bbox 1249 2072 1533 2130; x_wconf 86' lang='lat' dir='ltr'><strong>abrenuntiationem</strong></span> <span class='ocrx_word' id='word_1_253' title='bbox 1539 2069 1669 2126; x_wconf 88' lang='lat' dir='ltr'><strong>volonta-</strong></span> 
     </span>
     <span class='ocr_line' id='line_1_21' title="bbox 74 2160 1670 2238; baseline -0.005 -15"><span class='ocrx_word' id='word_1_254' title='bbox 74 2162 226 2223; x_wconf 71' lang='lat' dir='ltr'><strong>brevitatis</strong></span> <span class='ocrx_word' id='word_1_255' title='bbox 237 2160 409 2235; x_wconf 88' lang='lat' dir='ltr'><strong>compendio</strong></span> <span class='ocrx_word' id='word_1_256' title='bbox 426 2160 668 2217; x_wconf 79' lang='lat' dir='ltr'><strong>transiremus-Ei</strong></span> <span class='ocrx_word' id='word_1_257' title='bbox 683 2163 714 2214; x_wconf 80' lang='lat' dir='ltr'><strong>ul</strong></span> <span class='ocrx_word' id='word_1_258' title='bbox 730 2174 789 2213; x_wconf 79' lang='lat' dir='ltr'><strong>mu·</strong></span> <span class='ocrx_word' id='word_1_259' title='bbox 844 2165 929 2232; x_wconf 91' lang='lat' dir='ltr'><strong>riam,</strong></span> <span class='ocrx_word' id='word_1_260' title='bbox 945 2169 975 2222; x_wconf 90' lang='lat' dir='ltr'><strong>et</strong></span> <span class='ocrx_word' id='word_1_261' title='bbox 989 2181 1052 2238; x_wconf 78' lang='lat' dir='ltr'><strong>qua,</strong></span> <span class='ocrx_word' id='word_1_262' title='bbox 1068 2165 1098 2220; x_wconf 91' lang='lat' dir='ltr'><strong>in</strong></span> <span class='ocrx_word' id='word_1_263' title='bbox 1114 2164 1262 2220; x_wconf 82' lang='lat' dir='ltr'><strong>moestia</strong></span> <span class='ocrx_word' id='word_1_264' title='bbox 1279 2162 1386 2220; x_wconf 81' lang='lat' dir='ltr'><strong>secula</strong></span> <span class='ocrx_word' id='word_1_265' title='bbox 1399 2160 1593 2217; x_wconf 88' lang='lat' dir='ltr'><strong>voluntariam</strong></span> <span class='ocrx_word' id='word_1_266' title='bbox 1605 2176 1670 2233; x_wconf 92' lang='lat' dir='ltr'><strong>pro·</strong></span> 
     </span>
     <span class='ocr_line' id='line_1_22' title="bbox 75 2238 1669 2326; baseline -0.005 -14"><span class='ocrx_word' id='word_1_267' title='bbox 75 2251 252 2313; x_wconf 82' lang='lat' dir='ltr'><strong>oti&#39;dicimus</strong></span> <span class='ocrx_word' id='word_1_268' title='bbox 263 2251 341 2307; x_wconf 88' lang='lat' dir='ltr'><strong>credi</strong></span> <span class='ocrx_word' id='word_1_269' title='bbox 357 2247 789 2323; x_wconf 76' lang='lat' dir='ltr'><strong>possit,legantquicunquedc</strong></span> <span class='ocrx_word' id='word_1_270' title='bbox 845 2254 1012 2320; x_wconf 84' lang='lat' dir='ltr'><strong>iussionem,</strong></span> <span class='ocrx_word' id='word_1_271' title='bbox 1028 2260 1057 2310; x_wconf 91' lang='lat' dir='ltr'><strong>et</strong></span> <span class='ocrx_word' id='word_1_272' title='bbox 1072 2252 1142 2326; x_wconf 87' lang='lat' dir='ltr'><strong>quia</strong></span> <span class='ocrx_word' id='word_1_273' title='bbox 1157 2268 1271 2309; x_wconf 89' lang='lat' dir='ltr'><strong>mecum</strong></span> <span class='ocrx_word' id='word_1_274' title='bbox 1288 2252 1329 2308; x_wconf 90' lang='lat' dir='ltr'><strong>sis</strong></span> <span class='ocrx_word' id='word_1_275' title='bbox 1345 2252 1373 2306; x_wconf 90' lang='lat' dir='ltr'><strong>in</strong></span> <span class='ocrx_word' id='word_1_276' title='bbox 1390 2251 1436 2306; x_wconf 92' lang='lat' dir='ltr'><strong>die</strong></span> <span class='ocrx_word' id='word_1_277' title='bbox 1447 2249 1552 2323; x_wconf 78' lang='lat' dir='ltr'><strong>judicii</strong></span> <span class='ocrx_word' id='word_1_278' title='bbox 1567 2238 1669 2305; x_wconf 81' lang='lat' dir='ltr'><strong>conde·</strong></span> 
     </span>
     <span class='ocr_line' id='line_1_23' title="bbox 88 2332 1670 2415; baseline -0.004 -15"><span class='ocrx_word' id='word_1_279' title='bbox 88 2340 235 2410; x_wconf 84' lang='lat' dir='ltr'><strong>duhitaot,</strong></span> <span class='ocrx_word' id='word_1_280' title='bbox 253 2340 330 2412; x_wconf 90' lang='lat' dir='ltr'><strong>quud</strong></span> <span class='ocrx_word' id='word_1_281' title='bbox 345 2342 465 2395; x_wconf 89' lang='lat' dir='ltr'><strong>sauctus</strong></span> <span class='ocrx_word' id='word_1_282' title='bbox 479 2335 712 2410; x_wconf 65' lang='lat' dir='ltr'><strong>Amphilochius.</strong></span> <span class='ocrx_word' id='word_1_283' title='bbox 730 2337 789 2392; x_wconf 75' lang='lat'>1⁰0·</span> <span class='ocrx_word' id='word_1_284' title='bbox 845 2343 956 2400; x_wconf 86' lang='lat' dir='ltr'><strong>lactans</strong></span> <span class='ocrx_word' id='word_1_285' title='bbox 967 2342 1039 2399; x_wconf 90' lang='lat' dir='ltr'><strong>mihi</strong></span> <span class='ocrx_word' id='word_1_286' title='bbox 1050 2343 1078 2399; x_wconf 91' lang='lat' dir='ltr'><strong>in</strong></span> <span class='ocrx_word' id='word_1_287' title='bbox 1090 2341 1261 2415; x_wconf 76' lang='lat' dir='ltr'><strong>praeparatis</strong></span> <span class='ocrx_word' id='word_1_288' title='bbox 1272 2340 1388 2397; x_wconf 83' lang='lat' dir='ltr'><strong>aeternis</strong></span> <span class='ocrx_word' id='word_1_289' title='bbox 1398 2338 1562 2395; x_wconf 88' lang='lat' dir='ltr'><strong>tormentis.</strong></span> <span class='ocrx_word' id='word_1_290' title='bbox 1574 2332 1603 2394; x_wconf 82' lang='lat' dir='ltr'><strong>el</strong></span> <span class='ocrx_word' id='word_1_291' title='bbox 1616 2353 1670 2411; x_wconf 83' lang='lat' dir='ltr'><strong>ego</strong></span> 
     </span>
     <span class='ocr_line' id='line_1_24' title="bbox 75 2425 1672 2502; baseline -0.006 -12"><span class='ocrx_word' id='word_1_292' title='bbox 75 2429 475 2502; x_wconf 79' lang='lat' dir='ltr'><strong>civitatisepiseopas‚quam</strong></span> <span class='ocrx_word' id='word_1_293' title='bbox 484 2425 790 2497; x_wconf 73' lang='lat' dir='ltr'><strong>beatusllisronymus</strong></span> <span class='ocrx_word' id='word_1_294' title='bbox 845 2433 946 2489; x_wconf 87' lang='lat' dir='ltr'><strong>statim</strong></span> <span class='ocrx_word' id='word_1_295' title='bbox 965 2430 1144 2488; x_wconf 92' lang='lat' dir='ltr'><strong>desiderium</strong></span> <span class='ocrx_word' id='word_1_296' title='bbox 1169 2435 1254 2487; x_wconf 92' lang='lat' dir='ltr'><strong>tuum</strong></span> <span class='ocrx_word' id='word_1_297' title='bbox 1280 2428 1438 2502; x_wconf 89' lang='lat' dir='ltr'><strong>adimpleo.</strong></span> <span class='ocrx_word' id='word_1_298' title='bbox 1455 2427 1509 2495; x_wconf 87' lang='lat' dir='ltr'><strong>Qui</strong></span> <span class='ocrx_word' id='word_1_299' title='bbox 1524 2425 1672 2500; x_wconf 84' lang='lat' dir='ltr'><strong>disposuit</strong></span> 
     </span>
     <span class='ocr_line' id='line_1_25' title="bbox 75 2514 1669 2594; baseline -0.005 -16"><span class='ocrx_word' id='word_1_300' title='bbox 75 2521 127 2577; x_wconf 75' lang='lat' dir='ltr'><strong>isle</strong></span> <span class='ocrx_word' id='word_1_301' title='bbox 141 2519 219 2576; x_wconf 86' lang='lat' dir='ltr'><strong>viris</strong></span> <span class='ocrx_word' id='word_1_302' title='bbox 235 2516 401 2573; x_wconf 77' lang='lat' dir='ltr'><strong>illustribus</strong></span> <span class='ocrx_word' id='word_1_303' title='bbox 416 2515 791 2570; x_wconf 68' lang='lat' dir='ltr'><strong>dubilut&#39;uuuuuliouecum·</strong></span> <span class='ocrx_word' id='word_1_304' title='bbox 846 2521 963 2594; x_wconf 90' lang='lat' dir='ltr'><strong>propria</strong></span> <span class='ocrx_word' id='word_1_305' title='bbox 978 2536 1067 2576; x_wconf 90' lang='lat' dir='ltr'><strong>manu</strong></span> <span class='ocrx_word' id='word_1_306' title='bbox 1079 2521 1222 2593; x_wconf 91' lang='lat' dir='ltr'><strong>scriptum</strong></span> <span class='ocrx_word' id='word_1_307' title='bbox 1236 2519 1313 2576; x_wconf 90' lang='lat' dir='ltr'><strong>sicut</strong></span> <span class='ocrx_word' id='word_1_308' title='bbox 1327 2517 1469 2590; x_wconf 75' lang='lat' dir='ltr'><strong>quesitus</strong></span> <span class='ocrx_word' id='word_1_309' title='bbox 1484 2514 1548 2571; x_wconf 85' lang='lat' dir='ltr'><strong>luit.</strong></span> <span class='ocrx_word' id='word_1_310' title='bbox 1564 2514 1669 2571; x_wconf 86' lang='lat' dir='ltr'><strong>Statim</strong></span> 
     </span>
     <span class='ocr_line' id='line_1_26' title="bbox 75 2602 1671 2680; baseline -0.008 -10"><span class='ocrx_word' id='word_1_311' title='bbox 75 2610 119 2678; x_wconf 68' lang='lat' dir='ltr'><strong>ui,</strong></span> <span class='ocrx_word' id='word_1_312' title='bbox 134 2606 212 2664; x_wconf 78' lang='lat' dir='ltr'><strong>inter</strong></span> <span class='ocrx_word' id='word_1_313' title='bbox 234 2606 356 2662; x_wconf 73' lang='lat' dir='ltr'><strong>virtutus</strong></span> <span class='ocrx_word' id='word_1_314' title='bbox 380 2603 506 2660; x_wconf 70' lang='lat' dir='ltr'><strong>mirandi</strong></span> <span class='ocrx_word' id='word_1_315' title='bbox 527 2602 625 2659; x_wconf 66' lang='lat' dir='ltr'><strong>Basilii</strong></span> <span class='ocrx_word' id='word_1_316' title='bbox 655 2606 790 2659; x_wconf 70' lang='lat' dir='ltr'><strong>Cusuruae</strong></span> <span class='ocrx_word' id='word_1_317' title='bbox 845 2614 944 2666; x_wconf 90' lang='lat' dir='ltr'><strong>autem</strong></span> <span class='ocrx_word' id='word_1_318' title='bbox 959 2609 1127 2665; x_wconf 89' lang='lat' dir='ltr'><strong>animarum</strong></span> <span class='ocrx_word' id='word_1_319' title='bbox 1154 2611 1307 2680; x_wconf 90' lang='lat' dir='ltr'><strong>corruptor</strong></span> <span class='ocrx_word' id='word_1_320' title='bbox 1321 2608 1408 2663; x_wconf 90' lang='lat' dir='ltr'><strong>draco</strong></span> <span class='ocrx_word' id='word_1_321' title='bbox 1423 2608 1574 2662; x_wconf 90' lang='lat' dir='ltr'><strong>tortuosus</strong></span> <span class='ocrx_word' id='word_1_322' title='bbox 1589 2602 1671 2660; x_wconf 89' lang='lat' dir='ltr'><strong>misit</strong></span> 
     </span>
     <span class='ocr_line' id='line_1_27' title="bbox 75 2691 1669 2771; baseline -0.007 -16"><span class='ocrx_word' id='word_1_323' title='bbox 75 2696 155 2755; x_wconf 71' lang='lat' dir='ltr'><strong>loeis</strong></span> <span class='ocrx_word' id='word_1_324' title='bbox 166 2695 293 2752; x_wconf 87' lang='lat' dir='ltr'><strong>civitatis</strong></span> <span class='ocrx_word' id='word_1_325' title='bbox 303 2693 430 2767; x_wconf 87' lang='lat' dir='ltr'><strong>episcopi</strong></span> <span class='ocrx_word' id='word_1_326' title='bbox 443 2692 547 2748; x_wconf 86' lang='lat' dir='ltr'><strong>scribit</strong></span> <span class='ocrx_word' id='word_1_327' title='bbox 557 2691 674 2748; x_wconf 88' lang='lat' dir='ltr'><strong>dicens:</strong></span> <span class='ocrx_word' id='word_1_328' title='bbox 691 2716 705 2741; x_wconf 82' lang='lat' dir='ltr'><strong>a</strong></span> <span class='ocrx_word' id='word_1_329' title='bbox 718 2691 791 2747; x_wconf 82' lang='lat' dir='ltr'><strong>Ella-</strong></span> <span class='ocrx_word' id='word_1_330' title='bbox 845 2698 895 2771; x_wconf 81' lang='lat' dir='ltr'><strong>qui</strong></span> <span class='ocrx_word' id='word_1_331' title='bbox 911 2702 982 2754; x_wconf 78' lang='lat' dir='ltr'><strong>sunt</strong></span> <span class='ocrx_word' id='word_1_332' title='bbox 996 2714 1086 2770; x_wconf 72' lang='lat' dir='ltr'><strong>super</strong></span> <span class='ocrx_word' id='word_1_333' title='bbox 1099 2695 1319 2753; x_wconf 75' lang='lat' dir='ltr'><strong>fornicationem</strong></span> <span class='ocrx_word' id='word_1_334' title='bbox 1335 2695 1494 2763; x_wconf 69' lang='lat' dir='ltr'><strong>demones,</strong></span> <span class='ocrx_word' id='word_1_335' title='bbox 1509 2696 1539 2749; x_wconf 87' lang='lat' dir='ltr'><strong>st</strong></span> <span class='ocrx_word' id='word_1_336' title='bbox 1552 2692 1669 2748; x_wconf 85' lang='lat' dir='ltr'><strong>indam-</strong></span> 
     </span>
     <span class='ocr_line' id='line_1_28' title="bbox 75 2776 1672 2859; baseline -0.006 -14"><span class='ocrx_word' id='word_1_337' title='bbox 75 2790 160 2853; x_wconf 68' lang='lat' dir='ltr'><strong>aum,</strong></span> <span class='ocrx_word' id='word_1_338' title='bbox 177 2785 270 2859; x_wconf 88' lang='lat' dir='ltr'><strong>ipsius</strong></span> <span class='ocrx_word' id='word_1_339' title='bbox 286 2782 480 2840; x_wconf 80' lang='lat' dir='ltr'><strong>sanctissimae</strong></span> <span class='ocrx_word' id='word_1_340' title='bbox 510 2781 656 2836; x_wconf 79' lang='lat' dir='ltr'><strong>memoria</strong></span> <span class='ocrx_word' id='word_1_341' title='bbox 671 2780 792 2837; x_wconf 88' lang='lat' dir='ltr'><strong>viseret</strong></span> <span class='ocrx_word' id='word_1_342' title='bbox 846 2788 1000 2843; x_wconf 83' lang='lat' dir='ltr'><strong>maveruut</strong></span> <span class='ocrx_word' id='word_1_343' title='bbox 1014 2785 1141 2859; x_wconf 91' lang='lat' dir='ltr'><strong>puellam</strong></span> <span class='ocrx_word' id='word_1_344' title='bbox 1158 2785 1187 2840; x_wconf 91' lang='lat' dir='ltr'><strong>iu</strong></span> <span class='ocrx_word' id='word_1_345' title='bbox 1203 2798 1333 2842; x_wconf 91' lang='lat' dir='ltr'><strong>amorem</strong></span> <span class='ocrx_word' id='word_1_346' title='bbox 1344 2782 1544 2855; x_wconf 67' lang='lat' dir='ltr'><strong>iuvenisque</strong></span> <span class='ocrx_word' id='word_1_347' title='bbox 1580 2776 1672 2853; x_wconf 88' lang='lat' dir='ltr'><strong>raspi-</strong></span> 
     </span>
     <span class='ocr_line' id='line_1_29' title="bbox 75 2796 1669 2947; baseline -0.007 -12"><span class='ocrx_word' id='word_1_348' title='bbox 75 2893 105 2935; x_wconf 83' lang='lat' dir='ltr'><strong>er</strong></span> <span class='ocrx_word' id='word_1_349' title='bbox 117 2876 213 2932; x_wconf 70' lang='lat' dir='ltr'><strong>metus</strong></span> <span class='ocrx_word' id='word_1_350' title='bbox 227 2874 263 2930; x_wconf 90' lang='lat' dir='ltr'><strong>ab</strong></span> <span class='ocrx_word' id='word_1_351' title='bbox 278 2891 311 2930; x_wconf 93' lang='lat' dir='ltr'><strong>eo</strong></span> <span class='ocrx_word' id='word_1_352' title='bbox 327 2874 520 2946; x_wconf 85' lang='lat' dir='ltr'><strong>perlectorum</strong></span> <span class='ocrx_word' id='word_1_353' title='bbox 536 2870 755 2942; x_wconf 89' lang='lat' dir='ltr'><strong>miraculorum,</strong></span> <span class='ocrx_word' id='word_1_354' title='bbox 764 2874 793 2926; x_wconf 89' lang='lat' dir='ltr'><strong>et</strong></span> <span class='ocrx_word' id='word_1_355' title='bbox 846 2876 926 2932; x_wconf 89' lang='lat' dir='ltr'><strong>ciaus</strong></span> <span class='ocrx_word' id='word_1_356' title='bbox 938 2875 1086 2932; x_wconf 89' lang='lat' dir='ltr'><strong>interram</strong></span> <span class='ocrx_word' id='word_1_357' title='bbox 1102 2873 1189 2947; x_wconf 79' lang='lat' dir='ltr'><strong>caepit</strong></span> <span class='ocrx_word' id='word_1_358' title='bbox 1203 2872 1329 2930; x_wconf 89' lang='lat' dir='ltr'><strong>clamare</strong></span> <span class='ocrx_word' id='word_1_359' title='bbox 1344 2871 1380 2927; x_wconf 92' lang='lat' dir='ltr'><strong>ad</strong></span> <span class='ocrx_word' id='word_1_360' title='bbox 1396 2796 1669 2944; x_wconf 51' lang='lat' dir='ltr'><strong>patremzeiiserere</strong></span> 
     </span>
     <span class='ocr_line' id='line_1_30' title="bbox 75 2959 1670 3036; baseline -0.007 -14"><span class='ocrx_word' id='word_1_361' title='bbox 75 2980 122 3023; x_wconf 85' lang='lat' dir='ltr'><strong>sor</strong></span> <span class='ocrx_word' id='word_1_362' title='bbox 145 2964 223 3020; x_wconf 90' lang='lat' dir='ltr'><strong>sedis</strong></span> <span class='ocrx_word' id='word_1_363' title='bbox 247 2968 312 3036; x_wconf 91' lang='lat' dir='ltr'><strong>pest</strong></span> <span class='ocrx_word' id='word_1_364' title='bbox 336 2963 449 3018; x_wconf 89' lang='lat' dir='ltr'><strong>obitum</strong></span> <span class='ocrx_word' id='word_1_365' title='bbox 467 2962 530 3033; x_wconf 90' lang='lat' dir='ltr'><strong>jam</strong></span> <span class='ocrx_word' id='word_1_366' title='bbox 546 2961 629 3016; x_wconf 80' lang='lat' dir='ltr'><strong>dicta</strong></span> <span class='ocrx_word' id='word_1_367' title='bbox 645 2959 791 3016; x_wconf 74' lang='lat' dir='ltr'><strong>aremorica</strong></span> <span class='ocrx_word' id='word_1_368' title='bbox 847 2964 930 3036; x_wconf 91' lang='lat' dir='ltr'><strong>mihi,</strong></span> <span class='ocrx_word' id='word_1_369' title='bbox 947 2963 1095 3032; x_wconf 89' lang='lat' dir='ltr'><strong>miserere,</strong></span> <span class='ocrx_word' id='word_1_370' title='bbox 1112 2966 1203 3036; x_wconf 90' lang='lat' dir='ltr'><strong>putor,</strong></span> <span class='ocrx_word' id='word_1_371' title='bbox 1221 2960 1291 3034; x_wconf 88' lang='lat' dir='ltr'><strong>quia</strong></span> <span class='ocrx_word' id='word_1_372' title='bbox 1315 2960 1376 3016; x_wconf 90' lang='lat' dir='ltr'><strong>dire</strong></span> <span class='ocrx_word' id='word_1_373' title='bbox 1400 2963 1538 3032; x_wconf 85' lang='lat' dir='ltr'><strong>torqueor</strong></span> <span class='ocrx_word' id='word_1_374' title='bbox 1551 2960 1670 3030; x_wconf 86' lang='lat' dir='ltr'><strong>propter</strong></span> 
     </span>
     <span class='ocr_line' id='line_1_31' title="bbox 75 3044 1671 3123; baseline -0.006 -11"><span class='ocrx_word' id='word_1_375' title='bbox 75 3044 135 3111; x_wconf 79' lang='lat' dir='ltr'><strong>lice</strong></span> <span class='ocrx_word' id='word_1_376' title='bbox 151 3053 262 3117; x_wconf 87' lang='lat' dir='ltr'><strong>Basilii,</strong></span> <span class='ocrx_word' id='word_1_377' title='bbox 279 3051 323 3107; x_wconf 93' lang='lat' dir='ltr'><strong>vir</strong></span> <span class='ocrx_word' id='word_1_378' title='bbox 338 3050 493 3117; x_wconf 88' lang='lat' dir='ltr'><strong>mirabilis,</strong></span> <span class='ocrx_word' id='word_1_379' title='bbox 507 3055 536 3106; x_wconf 90' lang='lat' dir='ltr'><strong>et</strong></span> <span class='ocrx_word' id='word_1_380' title='bbox 547 3050 575 3104; x_wconf 90' lang='lat' dir='ltr'><strong>in</strong></span> <span class='ocrx_word' id='word_1_381' title='bbox 592 3049 670 3105; x_wconf 89' lang='lat' dir='ltr'><strong>omni</strong></span> <span class='ocrx_word' id='word_1_382' title='bbox 687 3049 793 3105; x_wconf 91' lang='lat' dir='ltr'><strong>virtute</strong></span> <span class='ocrx_word' id='word_1_383' title='bbox 847 3052 936 3110; x_wconf 89' lang='lat' dir='ltr'><strong>talem</strong></span> <span class='ocrx_word' id='word_1_384' title='bbox 952 3051 1043 3109; x_wconf 91' lang='lat' dir='ltr'><strong>istum</strong></span> <span class='ocrx_word' id='word_1_385' title='bbox 1059 3056 1193 3108; x_wconf 88' lang='lat' dir='ltr'><strong>nostrum</strong></span> <span class='ocrx_word' id='word_1_386' title='bbox 1209 3065 1347 3123; x_wconf 90' lang='lat' dir='ltr'><strong>puerum:</strong></span> <span class='ocrx_word' id='word_1_387' title='bbox 1357 3047 1495 3105; x_wconf 90' lang='lat' dir='ltr'><strong>miserere</strong></span> <span class='ocrx_word' id='word_1_388' title='bbox 1509 3044 1671 3103; x_wconf 84' lang='lat' dir='ltr'><strong>visceribus</strong></span> 
     </span>
     <span class='ocr_line' id='line_1_32' title="bbox 75 3137 1672 3213; baseline -0.008 -12"><span class='ocrx_word' id='word_1_389' title='bbox 75 3146 135 3213; x_wconf 79' lang='lat' dir='ltr'><strong>los,</strong></span> <span class='ocrx_word' id='word_1_390' title='bbox 149 3141 296 3199; x_wconf 82' lang='lat' dir='ltr'><strong>enarravit</strong></span> <span class='ocrx_word' id='word_1_391' title='bbox 320 3139 392 3195; x_wconf 90' lang='lat' dir='ltr'><strong>mihi</strong></span> <span class='ocrx_word' id='word_1_392' title='bbox 409 3140 479 3211; x_wconf 88' lang='lat' dir='ltr'><strong>qaia</strong></span> <span class='ocrx_word' id='word_1_393' title='bbox 493 3143 610 3195; x_wconf 90' lang='lat' dir='ltr'><strong>senator</strong></span> <span class='ocrx_word' id='word_1_394' title='bbox 624 3138 743 3210; x_wconf 90' lang='lat' dir='ltr'><strong>quidam</strong></span> <span class='ocrx_word' id='word_1_395' title='bbox 759 3139 816 3193; x_wconf 76' lang='lat' dir='ltr'><strong>u.</strong></span> <span class='ocrx_word' id='word_1_396' title='bbox 851 3141 920 3209; x_wconf 90' lang='lat' dir='ltr'><strong>tuis,</strong></span> <span class='ocrx_word' id='word_1_397' title='bbox 936 3140 1056 3198; x_wconf 87' lang='lat' dir='ltr'><strong>ostende</strong></span> <span class='ocrx_word' id='word_1_398' title='bbox 1080 3139 1109 3195; x_wconf 91' lang='lat' dir='ltr'><strong>ln</strong></span> <span class='ocrx_word' id='word_1_399' title='bbox 1135 3156 1181 3195; x_wconf 92' lang='lat' dir='ltr'><strong>me</strong></span> <span class='ocrx_word' id='word_1_400' title='bbox 1206 3137 1388 3211; x_wconf 81' lang='lat' dir='ltr'><strong>unigenitam</strong></span> <span class='ocrx_word' id='word_1_401' title='bbox 1411 3142 1493 3193; x_wconf 89' lang='lat' dir='ltr'><strong>tuam</strong></span> <span class='ocrx_word' id='word_1_402' title='bbox 1517 3137 1672 3208; x_wconf 75' lang='lat' dir='ltr'><strong>paternum</strong></span> 
     </span>
     <span class='ocr_line' id='line_1_33' title="bbox 75 3200 1670 3300; baseline -0.008 -11"><span class='ocrx_word' id='word_1_403' title='bbox 75 3230 187 3289; x_wconf 77' lang='lat' dir='ltr'><strong>somine</strong></span> <span class='ocrx_word' id='word_1_404' title='bbox 202 3229 360 3294; x_wconf 86' lang='lat' dir='ltr'><strong>Pretorius,</strong></span> <span class='ocrx_word' id='word_1_405' title='bbox 377 3228 450 3284; x_wconf 90' lang='lat' dir='ltr'><strong>abiit</strong></span> <span class='ocrx_word' id='word_1_406' title='bbox 464 3228 500 3283; x_wconf 94' lang='lat' dir='ltr'><strong>ad</strong></span> <span class='ocrx_word' id='word_1_407' title='bbox 516 3232 619 3283; x_wconf 89' lang='lat' dir='ltr'><strong>sancta</strong></span> <span class='ocrx_word' id='word_1_408' title='bbox 633 3229 661 3282; x_wconf 89' lang='lat' dir='ltr'><strong>et</strong></span> <span class='ocrx_word' id='word_1_409' title='bbox 676 3243 793 3283; x_wconf 91' lang='lat' dir='ltr'><strong>venera·</strong></span> <span class='ocrx_word' id='word_1_410' title='bbox 809 3200 833 3281; x_wconf 70' lang='lat' dir='ltr'><strong>li</strong></span> <span class='ocrx_word' id='word_1_411' title='bbox 850 3244 990 3295; x_wconf 91' lang='lat' dir='ltr'><strong>amorem,</strong></span> <span class='ocrx_word' id='word_1_412' title='bbox 1006 3233 1034 3284; x_wconf 91' lang='lat' dir='ltr'><strong>et</strong></span> <span class='ocrx_word' id='word_1_413' title='bbox 1047 3227 1192 3300; x_wconf 81' lang='lat' dir='ltr'><strong>conjungo</strong></span> <span class='ocrx_word' id='word_1_414' title='bbox 1207 3242 1253 3282; x_wconf 91' lang='lat' dir='ltr'><strong>me</strong></span> <span class='ocrx_word' id='word_1_415' title='bbox 1269 3242 1358 3299; x_wconf 91' lang='lat' dir='ltr'><strong>puero</strong></span> <span class='ocrx_word' id='word_1_416' title='bbox 1379 3239 1465 3298; x_wconf 87' lang='lat' dir='ltr'><strong>quem</strong></span> <span class='ocrx_word' id='word_1_417' title='bbox 1480 3234 1557 3280; x_wconf 91' lang='lat' dir='ltr'><strong>amo.</strong></span> <span class='ocrx_word' id='word_1_418' title='bbox 1572 3222 1602 3279; x_wconf 89' lang='lat' dir='ltr'><strong>si</strong></span> <span class='ocrx_word' id='word_1_419' title='bbox 1618 3236 1670 3279; x_wconf 91' lang='lat' dir='ltr'><strong>au-</strong></span> 
     </span>
     <span class='ocr_line' id='line_1_34' title="bbox 76 3308 1669 3391; baseline -0.009 -12"><span class='ocrx_word' id='word_1_420' title='bbox 76 3328 125 3391; x_wconf 75' lang='grc' dir='ltr'><strong>οι,</strong></span> <span class='ocrx_word' id='word_1_421' title='bbox 133 3324 163 3376; x_wconf 88' lang='lat' dir='ltr'><strong>et</strong></span> <span class='ocrx_word' id='word_1_422' title='bbox 177 3318 217 3376; x_wconf 90' lang='lat' dir='ltr'><strong>ibi</strong></span> <span class='ocrx_word' id='word_1_423' title='bbox 233 3316 324 3374; x_wconf 79' lang='lat' dir='ltr'><strong>liliam</strong></span> <span class='ocrx_word' id='word_1_424' title='bbox 340 3335 425 3374; x_wconf 88' lang='lat' dir='ltr'><strong>suam</strong></span> <span class='ocrx_word' id='word_1_425' title='bbox 441 3333 621 3384; x_wconf 90' lang='lat' dir='ltr'><strong>consecrare,</strong></span> <span class='ocrx_word' id='word_1_426' title='bbox 639 3333 672 3373; x_wconf 93' lang='lat' dir='ltr'><strong>ac</strong></span> <span class='ocrx_word' id='word_1_427' title='bbox 689 3316 717 3371; x_wconf 92' lang='lat' dir='ltr'><strong>in</strong></span> <span class='ocrx_word' id='word_1_428' title='bbox 734 3333 793 3372; x_wconf 92' lang='lat' dir='ltr'><strong>uno</strong></span> <span class='ocrx_word' id='word_1_429' title='bbox 848 3323 908 3374; x_wconf 87' lang='lat' dir='ltr'><strong>tem</strong></span> <span class='ocrx_word' id='word_1_430' title='bbox 923 3317 978 3373; x_wconf 91' lang='lat' dir='ltr'><strong>hoc</strong></span> <span class='ocrx_word' id='word_1_431' title='bbox 994 3332 1051 3372; x_wconf 91' lang='lat' dir='ltr'><strong>non</strong></span> <span class='ocrx_word' id='word_1_432' title='bbox 1067 3315 1110 3372; x_wconf 87' lang='lat' dir='ltr'><strong>vis</strong></span> <span class='ocrx_word' id='word_1_433' title='bbox 1126 3314 1229 3383; x_wconf 88' lang='lat' dir='ltr'><strong>lacere,</strong></span> <span class='ocrx_word' id='word_1_434' title='bbox 1247 3313 1358 3370; x_wconf 88' lang='lat' dir='ltr'><strong>videbis</strong></span> <span class='ocrx_word' id='word_1_435' title='bbox 1372 3330 1420 3369; x_wconf 90' lang='lat' dir='ltr'><strong>me</strong></span> <span class='ocrx_word' id='word_1_436' title='bbox 1434 3316 1501 3385; x_wconf 88' lang='lat' dir='ltr'><strong>post</strong></span> <span class='ocrx_word' id='word_1_437' title='bbox 1519 3308 1669 3367; x_wconf 89' lang='lat' dir='ltr'><strong>modicum</strong></span> 
     </span>
     <span class='ocr_line' id='line_1_35' title="bbox 75 3398 1669 3473; baseline -0.008 -6"><span class='ocrx_word' id='word_1_438' title='bbox 75 3424 87 3469; x_wconf 79' lang='lat' dir='ltr'><strong>s</strong></span> <span class='ocrx_word' id='word_1_439' title='bbox 101 3407 296 3467; x_wconf 81' lang='lat' dir='ltr'><strong>actionalibus</strong></span> <span class='ocrx_word' id='word_1_440' title='bbox 311 3407 449 3463; x_wconf 87' lang='lat' dir='ltr'><strong>domibus</strong></span> <span class='ocrx_word' id='word_1_441' title='bbox 465 3404 707 3462; x_wconf 87' lang='lat' dir='ltr'><strong>monasteriorum</strong></span> <span class='ocrx_word' id='word_1_442' title='bbox 724 3404 792 3461; x_wconf 90' lang='lat' dir='ltr'><strong>mit·</strong></span> <span class='ocrx_word' id='word_1_443' title='bbox 848 3406 1021 3463; x_wconf 91' lang='lat' dir='ltr'><strong>morientem</strong></span> <span class='ocrx_word' id='word_1_444' title='bbox 1046 3421 1147 3461; x_wconf 90' lang='lat' dir='ltr'><strong>amara</strong></span> <span class='ocrx_word' id='word_1_445' title='bbox 1169 3408 1272 3470; x_wconf 89' lang='lat' dir='ltr'><strong>morte,</strong></span> <span class='ocrx_word' id='word_1_446' title='bbox 1287 3407 1316 3459; x_wconf 91' lang='lat' dir='ltr'><strong>et</strong></span> <span class='ocrx_word' id='word_1_447' title='bbox 1331 3417 1498 3458; x_wconf 90' lang='lat' dir='ltr'><strong>sermonem</strong></span> <span class='ocrx_word' id='word_1_448' title='bbox 1517 3398 1602 3456; x_wconf 87' lang='lat' dir='ltr'><strong>dabla</strong></span> <span class='ocrx_word' id='word_1_449' title='bbox 1616 3404 1669 3473; x_wconf 88' lang='lat' dir='ltr'><strong>pr&#39;o</strong></span> 
     </span>
     <span class='ocr_line' id='line_1_36' title="bbox 75 3486 1670 3575; baseline -0.008 -20"><span class='ocrx_word' id='word_1_450' title='bbox 75 3502 142 3575; x_wconf 66' lang='lat' dir='ltr'><strong>taluc</strong></span> <span class='ocrx_word' id='word_1_451' title='bbox 166 3497 344 3554; x_wconf 90' lang='lat' dir='ltr'><strong>sacrlllcium</strong></span> <span class='ocrx_word' id='word_1_452' title='bbox 367 3496 425 3552; x_wconf 79' lang='lat' dir='ltr'><strong>lieo</strong></span> <span class='ocrx_word' id='word_1_453' title='bbox 442 3496 544 3551; x_wconf 87' lang='lat' dir='ltr'><strong>ollerre</strong></span> <span class='ocrx_word' id='word_1_454' title='bbox 559 3494 667 3550; x_wconf 87' lang='lat' dir='ltr'><strong>volcas.</strong></span> <span class='ocrx_word' id='word_1_455' title='bbox 685 3495 740 3550; x_wconf 89' lang='lat' dir='ltr'><strong>Sed</strong></span> <span class='ocrx_word' id='word_1_456' title='bbox 756 3494 793 3550; x_wconf 89' lang='lat' dir='ltr'><strong>ab</strong></span> <span class='ocrx_word' id='word_1_457' title='bbox 848 3512 894 3551; x_wconf 91' lang='lat' dir='ltr'><strong>mc</strong></span> <span class='ocrx_word' id='word_1_458' title='bbox 910 3496 939 3551; x_wconf 95' lang='lat' dir='ltr'><strong>in</strong></span> <span class='ocrx_word' id='word_1_459' title='bbox 955 3495 1001 3551; x_wconf 93' lang='lat' dir='ltr'><strong>dic</strong></span> <span class='ocrx_word' id='word_1_460' title='bbox 1013 3493 1118 3566; x_wconf 88' lang='lat' dir='ltr'><strong>judicii</strong></span> <span class='ocrx_word' id='word_1_461' title='bbox 1135 3495 1203 3550; x_wconf 88' lang='lat' dir='ltr'><strong>Deo.</strong></span> <span class='ocrx_word' id='word_1_462' title='bbox 1221 3493 1304 3548; x_wconf 92' lang='lat' dir='ltr'><strong>Pater</strong></span> <span class='ocrx_word' id='word_1_463' title='bbox 1327 3496 1424 3547; x_wconf 94' lang='lat' dir='ltr'><strong>autem</strong></span> <span class='ocrx_word' id='word_1_464' title='bbox 1449 3504 1517 3545; x_wconf 89' lang='lat' dir='ltr'><strong>cum</strong></span> <span class='ocrx_word' id='word_1_465' title='bbox 1531 3486 1670 3561; x_wconf 76' lang='lat' dir='ltr'><strong>lacrymis</strong></span> 
     </span>
     <span class='ocr_line' id='line_1_37' title="bbox 75 3574 1670 3654; baseline -0.008 -11"><span class='ocrx_word' id='word_1_466' title='bbox 75 3586 207 3647; x_wconf 77' lang='lat' dir='ltr'><strong>omicida</strong></span> <span class='ocrx_word' id='word_1_467' title='bbox 218 3585 362 3647; x_wconf 86' lang='lat' dir='ltr'><strong>diabolus,</strong></span> <span class='ocrx_word' id='word_1_468' title='bbox 376 3585 508 3640; x_wconf 91' lang='lat' dir='ltr'><strong>invidens</strong></span> <span class='ocrx_word' id='word_1_469' title='bbox 519 3584 623 3639; x_wconf 83' lang='lat' dir='ltr'><strong>divium</strong></span> <span class='ocrx_word' id='word_1_470' title='bbox 638 3583 792 3653; x_wconf 87' lang='lat' dir='ltr'><strong>voluntati,</strong></span> <span class='ocrx_word' id='word_1_471' title='bbox 848 3585 962 3640; x_wconf 89' lang='lat' dir='ltr'><strong>dicebat</strong></span> <span class='ocrx_word' id='word_1_472' title='bbox 973 3601 980 3640; x_wconf 93' lang='lat'>:</span> <span class='ocrx_word' id='word_1_473' title='bbox 993 3584 1053 3640; x_wconf 88' lang='lat' dir='ltr'><strong>ileu</strong></span> <span class='ocrx_word' id='word_1_474' title='bbox 1066 3582 1137 3638; x_wconf 91' lang='lat' dir='ltr'><strong>mihi</strong></span> <span class='ocrx_word' id='word_1_475' title='bbox 1154 3581 1309 3654; x_wconf 85' lang='lat' dir='ltr'><strong>peccatori,</strong></span> <span class='ocrx_word' id='word_1_476' title='bbox 1322 3578 1392 3652; x_wconf 89' lang='lat' dir='ltr'><strong>quid</strong></span> <span class='ocrx_word' id='word_1_477' title='bbox 1407 3576 1541 3634; x_wconf 85' lang='lat' dir='ltr'><strong>convenit</strong></span> <span class='ocrx_word' id='word_1_478' title='bbox 1556 3574 1670 3633; x_wconf 77' lang='lat' dir='ltr'><strong>misera</strong></span> 
     </span>
     <span class='ocr_line' id='line_1_38' title="bbox 76 3664 1671 3747; baseline -0.009 -11"><span class='ocrx_word' id='word_1_479' title='bbox 76 3684 172 3737; x_wconf 69' lang='lat' dir='ltr'><strong>mum</strong></span> <span class='ocrx_word' id='word_1_480' title='bbox 189 3677 224 3733; x_wconf 91' lang='lat' dir='ltr'><strong>de</strong></span> <span class='ocrx_word' id='word_1_481' title='bbox 240 3676 332 3733; x_wconf 83' lang='lat' dir='ltr'><strong>servis</strong></span> <span class='ocrx_word' id='word_1_482' title='bbox 356 3676 429 3742; x_wconf 89' lang='lat' dir='ltr'><strong>suis,</strong></span> <span class='ocrx_word' id='word_1_483' title='bbox 444 3678 473 3730; x_wconf 90' lang='lat' dir='ltr'><strong>et</strong></span> <span class='ocrx_word' id='word_1_484' title='bbox 494 3672 624 3730; x_wconf 87' lang='lat' dir='ltr'><strong>incendit</strong></span> <span class='ocrx_word' id='word_1_485' title='bbox 637 3674 672 3729; x_wconf 92' lang='lat' dir='ltr'><strong>ad</strong></span> <span class='ocrx_word' id='word_1_486' title='bbox 690 3671 793 3745; x_wconf 77' lang='lat' dir='ltr'><strong>puellas</strong></span> <span class='ocrx_word' id='word_1_487' title='bbox 848 3688 918 3729; x_wconf 79' lang='lat' dir='ltr'><strong>meaa</strong></span> <span class='ocrx_word' id='word_1_488' title='bbox 929 3672 1020 3727; x_wconf 79' lang='lat' dir='ltr'><strong>tiliaei</strong></span> <span class='ocrx_word' id='word_1_489' title='bbox 1033 3671 1097 3744; x_wconf 66' lang='lat' dir='ltr'><strong>puis</strong></span> <span class='ocrx_word' id='word_1_490' title='bbox 1109 3688 1207 3727; x_wconf 90' lang='lat' dir='ltr'><strong>meum</strong></span> <span class='ocrx_word' id='word_1_491' title='bbox 1220 3670 1390 3726; x_wconf 86' lang='lat' dir='ltr'><strong>thesaurum</strong></span> <span class='ocrx_word' id='word_1_492' title='bbox 1402 3667 1517 3723; x_wconf 85' lang='lat' dir='ltr'><strong>lirratus</strong></span> <span class='ocrx_word' id='word_1_493' title='bbox 1527 3664 1593 3747; x_wconf 76' lang='lat' dir='ltr'><strong>esti</strong></span> <span class='ocrx_word' id='word_1_494' title='bbox 1603 3664 1671 3737; x_wconf 88' lang='lat' dir='ltr'><strong>quis</strong></span> 
     </span>
     <span class='ocr_line' id='line_1_39' title="bbox 76 3751 1670 3835; baseline -0.011 -10"><span class='ocrx_word' id='word_1_495' title='bbox 76 3766 248 3825; x_wconf 74' lang='lat' dir='ltr'><strong>alsenam</strong></span> <span class='ocrx_word' id='word_1_496' title='bbox 260 3782 327 3821; x_wconf 88' lang='lat' dir='ltr'><strong>cum</strong></span> <span class='ocrx_word' id='word_1_497' title='bbox 339 3764 443 3820; x_wconf 85' lang='lat' dir='ltr'><strong>suisset</strong></span> <span class='ocrx_word' id='word_1_498' title='bbox 453 3762 623 3835; x_wconf 90' lang='lat' dir='ltr'><strong>hujusmodi</strong></span> <span class='ocrx_word' id='word_1_499' title='bbox 636 3760 794 3817; x_wconf 80' lang='lat' dir='ltr'><strong>inchoatio</strong></span> <span class='ocrx_word' id='word_1_500' title='bbox 848 3778 943 3817; x_wconf 90' lang='lat' dir='ltr'><strong>meam</strong></span> <span class='ocrx_word' id='word_1_501' title='bbox 955 3760 1098 3833; x_wconf 87' lang='lat' dir='ltr'><strong>iniquavit</strong></span> <span class='ocrx_word' id='word_1_502' title='bbox 1110 3758 1200 3815; x_wconf 85' lang='lat' dir='ltr'><strong>liliam</strong></span> <span class='ocrx_word' id='word_1_503' title='bbox 1211 3758 1300 3830; x_wconf 79' lang='lat' dir='ltr'><strong>lquis</strong></span> <span class='ocrx_word' id='word_1_504' title='bbox 1314 3756 1399 3812; x_wconf 89' lang='lat' dir='ltr'><strong>dulce</strong></span> <span class='ocrx_word' id='word_1_505' title='bbox 1409 3751 1670 3811; x_wconf 86' lang='lat' dir='ltr'><strong>lumeaoculurum</strong></span> 
     </span>
     <span class='ocr_line' id='line_1_40' title="bbox 76 3840 1671 3933; baseline -0.009 -20"><span class='ocrx_word' id='word_1_506' title='bbox 76 3854 174 3933; x_wconf 56' lang='lat' dir='ltr'><strong>mus,</strong></span> <span class='ocrx_word' id='word_1_507' title='bbox 185 3860 213 3911; x_wconf 90' lang='lat' dir='ltr'><strong>et</strong></span> <span class='ocrx_word' id='word_1_508' title='bbox 228 3871 286 3909; x_wconf 93' lang='lat' dir='ltr'><strong>non</strong></span> <span class='ocrx_word' id='word_1_509' title='bbox 304 3855 416 3909; x_wconf 90' lang='lat' dir='ltr'><strong>audens</strong></span> <span class='ocrx_word' id='word_1_510' title='bbox 432 3852 667 3924; x_wconf 85' lang='lat' dir='ltr'><strong>appropinquare</strong></span> <span class='ocrx_word' id='word_1_511' title='bbox 679 3851 713 3906; x_wconf 91' lang='lat' dir='ltr'><strong>ad</strong></span> <span class='ocrx_word' id='word_1_512' title='bbox 727 3866 792 3922; x_wconf 91' lang='lat' dir='ltr'><strong>pro·</strong></span> <span class='ocrx_word' id='word_1_513' title='bbox 848 3866 982 3908; x_wconf 84' lang='lat' dir='ltr'><strong>mearum</strong></span> <span class='ocrx_word' id='word_1_514' title='bbox 998 3847 1159 3905; x_wconf 80' lang='lat' dir='ltr'><strong>exstinxit?</strong></span> <span class='ocrx_word' id='word_1_515' title='bbox 1175 3848 1233 3921; x_wconf 79' lang='lat' dir='ltr'><strong>Ege</strong></span> <span class='ocrx_word' id='word_1_516' title='bbox 1248 3845 1355 3902; x_wconf 83' lang='lat' dir='ltr'><strong>coelesti</strong></span> <span class='ocrx_word' id='word_1_517' title='bbox 1371 3850 1400 3901; x_wconf 92' lang='lat' dir='ltr'><strong>te</strong></span> <span class='ocrx_word' id='word_1_518' title='bbox 1415 3843 1546 3900; x_wconf 88' lang='lat' dir='ltr'><strong>volebam</strong></span> <span class='ocrx_word' id='word_1_519' title='bbox 1562 3840 1671 3899; x_wconf 88' lang='lat' dir='ltr'><strong>nubere</strong></span> 
     </span>
     <span class='ocr_line' id='line_1_41' title="bbox 76 3931 1671 4017; baseline -0.011 -15"><span class='ocrx_word' id='word_1_520' title='bbox 76 3944 271 4017; x_wconf 67' lang='lat' dir='ltr'><strong>nalloqaitur</strong></span> <span class='ocrx_word' id='word_1_521' title='bbox 281 3960 373 3999; x_wconf 90' lang='lat' dir='ltr'><strong>unum</strong></span> <span class='ocrx_word' id='word_1_522' title='bbox 389 3940 653 3997; x_wconf 85' lang='lat' dir='ltr'><strong>abominandorum</strong></span> <span class='ocrx_word' id='word_1_523' title='bbox 665 3940 794 3995; x_wconf 88' lang='lat' dir='ltr'><strong>incanta·</strong></span> <span class='ocrx_word' id='word_1_524' title='bbox 848 3956 955 4012; x_wconf 91' lang='lat' dir='ltr'><strong>sponso</strong></span> <span class='ocrx_word' id='word_1_525' title='bbox 970 3936 1095 3996; x_wconf 84' lang='lat' dir='ltr'><strong>Christo.</strong></span> <span class='ocrx_word' id='word_1_526' title='bbox 1112 3940 1141 3993; x_wconf 89' lang='lat' dir='ltr'><strong>et</strong></span> <span class='ocrx_word' id='word_1_527' title='bbox 1155 3936 1326 4009; x_wconf 80' lang='lat' dir='ltr'><strong>augelorum</strong></span> <span class='ocrx_word' id='word_1_528' title='bbox 1347 3931 1584 3989; x_wconf 86' lang='lat' dir='ltr'><strong>cohabitatricem</strong></span> <span class='ocrx_word' id='word_1_529' title='bbox 1600 3946 1671 3986; x_wconf 89' lang='lat' dir='ltr'><strong>con-</strong></span> 
     </span>
     <span class='ocr_line' id='line_1_42' title="bbox 89 4016 1672 4109; baseline -0.01 -20"><span class='ocrx_word' id='word_1_530' title='bbox 89 4032 264 4109; x_wconf 80' lang='lat' dir='ltr'><strong>promitleus</strong></span> <span class='ocrx_word' id='word_1_531' title='bbox 279 4048 320 4098; x_wconf 86' lang='lat' dir='ltr'><strong>su,</strong></span> <span class='ocrx_word' id='word_1_532' title='bbox 337 4031 361 4086; x_wconf 89' lang='lat' dir='ltr'><strong>si</strong></span> <span class='ocrx_word' id='word_1_533' title='bbox 378 4029 517 4085; x_wconf 89' lang='lat' dir='ltr'><strong>meruerit</strong></span> <span class='ocrx_word' id='word_1_534' title='bbox 530 4027 674 4083; x_wconf 85' lang='lat' dir='ltr'><strong>‹lorninari</strong></span> <span class='ocrx_word' id='word_1_535' title='bbox 699 4027 793 4099; x_wconf 88' lang='lat' dir='ltr'><strong>ipsius</strong></span> <span class='ocrx_word' id='word_1_536' title='bbox 848 4030 981 4096; x_wconf 85' lang='lat' dir='ltr'><strong>stituere,</strong></span> <span class='ocrx_word' id='word_1_537' title='bbox 994 4032 1023 4084; x_wconf 89' lang='lat' dir='ltr'><strong>et</strong></span> <span class='ocrx_word' id='word_1_538' title='bbox 1036 4028 1065 4081; x_wconf 91' lang='lat' dir='ltr'><strong>in</strong></span> <span class='ocrx_word' id='word_1_539' title='bbox 1079 4025 1211 4099; x_wconf 90' lang='lat' dir='ltr'><strong>psalmia,</strong></span> <span class='ocrx_word' id='word_1_540' title='bbox 1228 4030 1257 4080; x_wconf 88' lang='lat' dir='ltr'><strong>et</strong></span> <span class='ocrx_word' id='word_1_541' title='bbox 1272 4021 1437 4097; x_wconf 67' lang='lat' dir='ltr'><strong>hyrummet</strong></span> <span class='ocrx_word' id='word_1_542' title='bbox 1452 4020 1574 4076; x_wconf 89' lang='lat' dir='ltr'><strong>canticis</strong></span> <span class='ocrx_word' id='word_1_543' title='bbox 1586 4016 1672 4091; x_wconf 88' lang='lat' dir='ltr'><strong>spiri-</strong></span> 
     </span>
     <span class='ocr_line' id='line_1_43' title="bbox 76 4105 1670 4191; baseline -0.012 -12"><span class='ocrx_word' id='word_1_544' title='bbox 76 4116 692 4191; x_wconf 68' lang='lat' dir='ltr'><strong>‚multameitribuereaurilquautitatem.</strong></span> <span class='ocrx_word' id='word_1_545' title='bbox 709 4115 795 4172; x_wconf 90' lang='lat' dir='ltr'><strong>Male·</strong></span> <span class='ocrx_word' id='word_1_546' title='bbox 848 4116 958 4174; x_wconf 88' lang='lat' dir='ltr'><strong>talibus</strong></span> <span class='ocrx_word' id='word_1_547' title='bbox 985 4132 1088 4172; x_wconf 87' lang='lat' dir='ltr'><strong>cauere</strong></span> <span class='ocrx_word' id='word_1_548' title='bbox 1116 4114 1173 4170; x_wconf 91' lang='lat' dir='ltr'><strong>Deo</strong></span> <span class='ocrx_word' id='word_1_549' title='bbox 1203 4112 1497 4182; x_wconf 86' lang='lat' dir='ltr'><strong>lestinnbom‚etper</strong></span> <span class='ocrx_word' id='word_1_550' title='bbox 1522 4112 1551 4163; x_wconf 89' lang='lat' dir='ltr'><strong>te</strong></span> <span class='ocrx_word' id='word_1_551' title='bbox 1566 4105 1670 4163; x_wconf 89' lang='lat' dir='ltr'><strong>salvari</strong></span> 
     </span>
     <span class='ocr_line' id='line_1_44' title="bbox 76 4194 1670 4279; baseline -0.011 -12"><span class='ocrx_word' id='word_1_552' title='bbox 76 4222 123 4267; x_wconf 83' lang='lat' dir='ltr'><strong>ero</strong></span> <span class='ocrx_word' id='word_1_553' title='bbox 137 4209 211 4264; x_wconf 87' lang='lat' dir='ltr'><strong>dixit</strong></span> <span class='ocrx_word' id='word_1_554' title='bbox 225 4208 261 4265; x_wconf 90' lang='lat' dir='ltr'><strong>ad</strong></span> <span class='ocrx_word' id='word_1_555' title='bbox 277 4223 344 4263; x_wconf 92' lang='lat' dir='ltr'><strong>eum</strong></span> <span class='ocrx_word' id='word_1_556' title='bbox 358 4224 364 4263; x_wconf 77' lang='grc' dir='ltr'>ε</span> <span class='ocrx_word' id='word_1_557' title='bbox 378 4207 509 4274; x_wconf 91' lang='lat' dir='ltr'><strong>0homo,</strong></span> <span class='ocrx_word' id='word_1_558' title='bbox 525 4223 578 4279; x_wconf 77' lang='lat' dir='ltr'><strong>rgo</strong></span> <span class='ocrx_word' id='word_1_559' title='bbox 594 4205 623 4261; x_wconf 93' lang='lat' dir='ltr'><strong>in</strong></span> <span class='ocrx_word' id='word_1_560' title='bbox 640 4205 718 4261; x_wconf 89' lang='lat' dir='ltr'><strong>istud</strong></span> <span class='ocrx_word' id='word_1_561' title='bbox 735 4222 793 4261; x_wconf 92' lang='lat' dir='ltr'><strong>uon</strong></span> <span class='ocrx_word' id='word_1_562' title='bbox 849 4207 1013 4279; x_wconf 86' lang='lat' dir='ltr'><strong>sperabam,</strong></span> <span class='ocrx_word' id='word_1_563' title='bbox 1030 4208 1061 4260; x_wconf 88' lang='lat' dir='ltr'><strong>tu</strong></span> <span class='ocrx_word' id='word_1_564' title='bbox 1077 4207 1174 4259; x_wconf 82' lang='lat' dir='ltr'><strong>autam</strong></span> <span class='ocrx_word' id='word_1_565' title='bbox 1190 4202 1219 4255; x_wconf 96' lang='lat' dir='ltr'><strong>in</strong></span> <span class='ocrx_word' id='word_1_566' title='bbox 1235 4216 1365 4257; x_wconf 87' lang='lat' dir='ltr'><strong>amarem</strong></span> <span class='ocrx_word' id='word_1_567' title='bbox 1388 4194 1577 4254; x_wconf 82' lang='lat' dir='ltr'><strong>lascivietatis</strong></span> <span class='ocrx_word' id='word_1_568' title='bbox 1592 4194 1670 4250; x_wconf 91' lang='lat' dir='ltr'><strong>insa·</strong></span> 
     </span>
     <span class='ocr_line' id='line_1_45' title="bbox 76 4283 1670 4368; baseline -0.011 -12"><span class='ocrx_word' id='word_1_569' title='bbox 76 4299 173 4368; x_wconf 78' lang='lat' dir='ltr'><strong>eo,scd</strong></span> <span class='ocrx_word' id='word_1_570' title='bbox 186 4297 210 4354; x_wconf 88' lang='lat' dir='ltr'><strong>si</strong></span> <span class='ocrx_word' id='word_1_571' title='bbox 222 4297 265 4354; x_wconf 88' lang='lat' dir='ltr'><strong>vis</strong></span> <span class='ocrx_word' id='word_1_572' title='bbox 276 4296 360 4352; x_wconf 90' lang='lat' dir='ltr'><strong>mitto</strong></span> <span class='ocrx_word' id='word_1_573' title='bbox 371 4302 398 4352; x_wconf 91' lang='lat' dir='ltr'><strong>te</strong></span> <span class='ocrx_word' id='word_1_574' title='bbox 413 4297 449 4351; x_wconf 92' lang='lat' dir='ltr'><strong>od</strong></span> <span class='ocrx_word' id='word_1_575' title='bbox 462 4312 560 4352; x_wconf 89' lang='lat' dir='ltr'><strong>meum</strong></span> <span class='ocrx_word' id='word_1_576' title='bbox 577 4298 793 4368; x_wconf 91' lang='lat' dir='ltr'><strong>procuratorem</strong></span> <span class='ocrx_word' id='word_1_577' title='bbox 850 4295 920 4351; x_wconf 87' lang='lat' dir='ltr'><strong>nisti</strong></span> <span class='ocrx_word' id='word_1_578' title='bbox 929 4296 943 4350; x_wconf 82' lang='lat' dir='ltr'><strong>‘l</strong></span> <span class='ocrx_word' id='word_1_579' title='bbox 953 4294 1022 4350; x_wconf 88' lang='lat' dir='ltr'><strong>Sine</strong></span> <span class='ocrx_word' id='word_1_580' title='bbox 1044 4308 1100 4360; x_wconf 89' lang='lat' dir='ltr'><strong>mc,</strong></span> <span class='ocrx_word' id='word_1_581' title='bbox 1117 4291 1193 4347; x_wconf 89' lang='lat' dir='ltr'><strong>sicul</strong></span> <span class='ocrx_word' id='word_1_582' title='bbox 1207 4288 1282 4356; x_wconf 87' lang='lat' dir='ltr'><strong>volo,</strong></span> <span class='ocrx_word' id='word_1_583' title='bbox 1293 4288 1470 4361; x_wconf 86' lang='lat' dir='ltr'><strong>desponsare</strong></span> <span class='ocrx_word' id='word_1_584' title='bbox 1485 4288 1513 4340; x_wconf 90' lang='lat' dir='ltr'><strong>te</strong></span> <span class='ocrx_word' id='word_1_585' title='bbox 1527 4283 1596 4352; x_wconf 84' lang='lat' dir='ltr'><strong>Deo,</strong></span> <span class='ocrx_word' id='word_1_586' title='bbox 1613 4298 1670 4338; x_wconf 91' lang='lat' dir='ltr'><strong>nou</strong></span> 
     </span>
     <span class='ocr_line' id='line_1_46' title="bbox 76 4372 1671 4459; baseline -0.011 -14"><span class='ocrx_word' id='word_1_587' title='bbox 76 4404 131 4455; x_wconf 82' lang='lat' dir='ltr'><strong>rm,</strong></span> <span class='ocrx_word' id='word_1_588' title='bbox 147 4392 176 4443; x_wconf 88' lang='lat' dir='ltr'><strong>et</strong></span> <span class='ocrx_word' id='word_1_589' title='bbox 191 4403 254 4458; x_wconf 86' lang='lat' dir='ltr'><strong>rpse</strong></span> <span class='ocrx_word' id='word_1_590' title='bbox 269 4385 400 4459; x_wconf 88' lang='lat' dir='ltr'><strong>perllciet</strong></span> <span class='ocrx_word' id='word_1_591' title='bbox 423 4390 505 4441; x_wconf 91' lang='lat' dir='ltr'><strong>tuam</strong></span> <span class='ocrx_word' id='word_1_592' title='bbox 534 4383 723 4440; x_wconf 90' lang='lat' dir='ltr'><strong>voluntatem.</strong></span> <span class='ocrx_word' id='word_1_593' title='bbox 740 4381 794 4450; x_wconf 84' lang='lat' dir='ltr'><strong>Qui</strong></span> <span class='ocrx_word' id='word_1_594' title='bbox 850 4372 1671 4440; x_wconf 84' lang='lat' dir='ltr'><strong>dueassenectutemmeamcumtrihulationeadinieros,</strong></span> 
     </span>
     <span class='ocr_line' id='line_1_47' title="bbox 76 4460 1674 4547; baseline -0.011 -13"><span class='ocrx_word' id='word_1_595' title='bbox 76 4488 135 4534; x_wconf 84' lang='lat' dir='ltr'><strong>tum</strong></span> <span class='ocrx_word' id='word_1_596' title='bbox 148 4493 154 4532; x_wconf 95' lang='lat'>:</span> <span class='ocrx_word' id='word_1_597' title='bbox 169 4478 354 4547; x_wconf 79' lang='lat' dir='ltr'><strong>Quacuuque</strong></span> <span class='ocrx_word' id='word_1_598' title='bbox 365 4474 473 4530; x_wconf 86' lang='lat' dir='ltr'><strong>dixeris</strong></span> <span class='ocrx_word' id='word_1_599' title='bbox 484 4472 557 4528; x_wconf 90' lang='lat' dir='ltr'><strong>mihi</strong></span> <span class='ocrx_word' id='word_1_600' title='bbox 576 4472 691 4528; x_wconf 80' lang='lat' dir='ltr'><strong>faciam.</strong></span> <span class='ocrx_word' id='word_1_601' title='bbox 705 4473 739 4528; x_wconf 85' lang='lat' dir='ltr'><strong>Et</strong></span> <span class='ocrx_word' id='word_1_602' title='bbox 754 4471 795 4527; x_wconf 87' lang='lat' dir='ltr'><strong>ait</strong></span> <span class='ocrx_word' id='word_1_603' title='bbox 850 4490 944 4546; x_wconf 89' lang='lat' dir='ltr'><strong>neque</strong></span> <span class='ocrx_word' id='word_1_604' title='bbox 967 4470 1148 4527; x_wconf 87' lang='lat' dir='ltr'><strong>nobilitatem</strong></span> <span class='ocrx_word' id='word_1_605' title='bbox 1172 4471 1326 4542; x_wconf 91' lang='lat' dir='ltr'><strong>parentum</strong></span> <span class='ocrx_word' id='word_1_606' title='bbox 1356 4468 1474 4520; x_wconf 90' lang='lat' dir='ltr'><strong>tuorum</strong></span> <span class='ocrx_word' id='word_1_607' title='bbox 1502 4460 1674 4518; x_wconf 80' lang='lat' dir='ltr'><strong>confusione</strong></span> 
     </span>
     <span class='ocr_line' id='line_1_48' title="bbox 76 4555 1673 4652; baseline -0.011 -30"><span class='ocrx_word' id='word_1_608' title='bbox 76 4580 111 4622; x_wconf 72' lang='lat' dir='ltr'><strong>ot</strong></span> <span class='ocrx_word' id='word_1_609' title='bbox 121 4563 320 4621; x_wconf 77' lang='lat' dir='ltr'><strong>dhrenantias</strong></span> <span class='ocrx_word' id='word_1_610' title='bbox 335 4562 449 4618; x_wconf 84' lang='lat' dir='ltr'><strong>Christo</strong></span> <span class='ocrx_word' id='word_1_611' title='bbox 465 4562 493 4616; x_wconf 92' lang='lat' dir='ltr'><strong>in</strong></span> <span class='ocrx_word' id='word_1_612' title='bbox 511 4559 729 4634; x_wconf 83' lang='lat' dir='ltr'><strong>scriptoiDixit</strong></span> <span class='ocrx_word' id='word_1_613' title='bbox 744 4559 769 4617; x_wconf 91' lang='lat' dir='ltr'><strong>ei</strong></span> <span class='ocrx_word' id='word_1_614' title='bbox 787 4577 793 4614; x_wconf 94' lang='lat'>:</span> <span class='ocrx_word' id='word_1_615' title='bbox 812 4582 835 4652; x_wconf 66' lang='lat' dir='ltr'>D</span> <span class='ocrx_word' id='word_1_616' title='bbox 850 4561 975 4635; x_wconf 89' lang='lat' dir='ltr'><strong>operias.</strong></span> <span class='ocrx_word' id='word_1_617' title='bbox 988 4559 1038 4616; x_wconf 91' lang='lat' dir='ltr'><strong>llla</strong></span> <span class='ocrx_word' id='word_1_618' title='bbox 1049 4564 1157 4624; x_wconf 79' lang='lat' dir='ltr'><strong>numm,</strong></span> <span class='ocrx_word' id='word_1_619' title='bbox 1168 4558 1204 4613; x_wconf 94' lang='lat' dir='ltr'><strong>ad</strong></span> <span class='ocrx_word' id='word_1_620' title='bbox 1216 4555 1342 4612; x_wconf 90' lang='lat' dir='ltr'><strong>nihilum</strong></span> <span class='ocrx_word' id='word_1_621' title='bbox 1362 4555 1501 4626; x_wconf 88' lang='lat' dir='ltr'><strong>reputans</strong></span> <span class='ocrx_word' id='word_1_622' title='bbox 1515 4564 1607 4623; x_wconf 82' lang='lat' dir='ltr'><strong>quaa</strong></span> <span class='ocrx_word' id='word_1_623' title='bbox 1622 4566 1673 4622; x_wconf 90' lang='lat' dir='ltr'><strong>pa·</strong></span> 
     </span>
     <span class='ocr_line' id='line_1_49' title="bbox 90 4638 1674 4725; baseline -0.011 -14"><span class='ocrx_word' id='word_1_624' title='bbox 90 4652 260 4725; x_wconf 83' lang='lat' dir='ltr'><strong>iniquitatis</strong></span> <span class='ocrx_word' id='word_1_625' title='bbox 286 4656 385 4707; x_wconf 91' lang='lat' dir='ltr'><strong>autern</strong></span> <span class='ocrx_word' id='word_1_626' title='bbox 415 4654 549 4723; x_wconf 88' lang='lat' dir='ltr'><strong>operatur</strong></span> <span class='ocrx_word' id='word_1_627' title='bbox 568 4649 638 4705; x_wconf 85' lang='lat' dir='ltr'><strong>dicit</strong></span> <span class='ocrx_word' id='word_1_628' title='bbox 654 4649 680 4703; x_wconf 90' lang='lat' dir='ltr'><strong>ei</strong></span> <span class='ocrx_word' id='word_1_629' title='bbox 697 4666 703 4704; x_wconf 93' lang='lat'>:</span> <span class='ocrx_word' id='word_1_630' title='bbox 721 4649 751 4705; x_wconf 87' lang='lat' dir='ltr'><strong>Si</strong></span> <span class='ocrx_word' id='word_1_631' title='bbox 767 4649 797 4704; x_wconf 93' lang='lat' dir='ltr'><strong>in</strong></span> <span class='ocrx_word' id='word_1_632' title='bbox 852 4657 895 4707; x_wconf 86' lang='lat' dir='ltr'><strong>tro</strong></span> <span class='ocrx_word' id='word_1_633' title='bbox 906 4648 1089 4714; x_wconf 87' lang='lat' dir='ltr'><strong>dicebantur,</strong></span> <span class='ocrx_word' id='word_1_634' title='bbox 1102 4646 1231 4702; x_wconf 88' lang='lat' dir='ltr'><strong>instabat</strong></span> <span class='ocrx_word' id='word_1_635' title='bbox 1241 4643 1373 4700; x_wconf 89' lang='lat' dir='ltr'><strong>clamans</strong></span> <span class='ocrx_word' id='word_1_636' title='bbox 1385 4657 1392 4696; x_wconf 91' lang='lat'>:</span> <span class='ocrx_word' id='word_1_637' title='bbox 1404 4641 1488 4696; x_wconf 87' lang='lat' dir='ltr'><strong>Pater</strong></span> <span class='ocrx_word' id='word_1_638' title='bbox 1499 4639 1551 4710; x_wconf 91' lang='lat' dir='ltr'><strong>ml,</strong></span> <span class='ocrx_word' id='word_1_639' title='bbox 1568 4638 1674 4695; x_wconf 88' lang='lat' dir='ltr'><strong>autiac</strong></span> 
     </span>
     <span class='ocr_line' id='line_1_50' title="bbox 76 4728 1675 4811; baseline -0.008 -14"><span class='ocrx_word' id='word_1_640' title='bbox 76 4746 161 4799; x_wconf 81' lang='lat' dir='ltr'><strong>ratus</strong></span> <span class='ocrx_word' id='word_1_641' title='bbox 186 4739 618 4811; x_wconf 71' lang='lat' dir='ltr'><strong>exstiteriscooperatcrllam.</strong></span> <span class='ocrx_word' id='word_1_642' title='bbox 635 4737 687 4803; x_wconf 83' lang='lat' dir='ltr'><strong>Qui</strong></span> <span class='ocrx_word' id='word_1_643' title='bbox 705 4737 797 4793; x_wconf 88' lang='lat' dir='ltr'><strong>ailad</strong></span> <span class='ocrx_word' id='word_1_644' title='bbox 853 4737 1031 4796; x_wconf 87' lang='lat' dir='ltr'><strong>desiderium</strong></span> <span class='ocrx_word' id='word_1_645' title='bbox 1047 4753 1157 4803; x_wconf 91' lang='lat' dir='ltr'><strong>meum,</strong></span> <span class='ocrx_word' id='word_1_646' title='bbox 1174 4736 1304 4807; x_wconf 88' lang='lat' dir='ltr'><strong>autpost</strong></span> <span class='ocrx_word' id='word_1_647' title='bbox 1328 4730 1476 4789; x_wconf 89' lang='lat' dir='ltr'><strong>modicum</strong></span> <span class='ocrx_word' id='word_1_648' title='bbox 1502 4728 1675 4787; x_wconf 88' lang='lat' dir='ltr'><strong>morientem</strong></span> 
     </span>
     <span class='ocr_line' id='line_1_51' title="bbox 76 4812 1673 4899; baseline -0.011 -10"><span class='ocrx_word' id='word_1_649' title='bbox 76 4831 194 4889; x_wconf 76' lang='lat' dir='ltr'><strong>Paratus</strong></span> <span class='ocrx_word' id='word_1_650' title='bbox 206 4847 284 4897; x_wconf 87' lang='lat' dir='ltr'><strong>surn,</strong></span> <span class='ocrx_word' id='word_1_651' title='bbox 297 4833 413 4885; x_wconf 88' lang='lat' dir='ltr'><strong>tanturn</strong></span> <span class='ocrx_word' id='word_1_652' title='bbox 429 4844 594 4899; x_wconf 81' lang='lat' dir='ltr'><strong>consequar</strong></span> <span class='ocrx_word' id='word_1_653' title='bbox 608 4826 796 4882; x_wconf 89' lang='lat' dir='ltr'><strong>desiderium.</strong></span> <span class='ocrx_word' id='word_1_654' title='bbox 852 4827 965 4884; x_wconf 88' lang='lat' dir='ltr'><strong>videbis</strong></span> <span class='ocrx_word' id='word_1_655' title='bbox 975 4843 1032 4882; x_wconf 89' lang='lat' dir='ltr'><strong>me.</strong></span> <span class='ocrx_word' id='word_1_656' title='bbox 1045 4826 1128 4881; x_wconf 92' lang='lat' dir='ltr'><strong>Pater</strong></span> <span class='ocrx_word' id='word_1_657' title='bbox 1144 4840 1212 4895; x_wconf 82' lang='lat' dir='ltr'><strong>ergo</strong></span> <span class='ocrx_word' id='word_1_658' title='bbox 1231 4824 1380 4895; x_wconf 82' lang='lat' dir='ltr'><strong>lomagna</strong></span> <span class='ocrx_word' id='word_1_659' title='bbox 1394 4818 1554 4877; x_wconf 87' lang='lat' dir='ltr'><strong>delectione</strong></span> <span class='ocrx_word' id='word_1_660' title='bbox 1569 4812 1673 4887; x_wconf 82' lang='lat' dir='ltr'><strong>iactus,</strong></span> 
     </span>
     <span class='ocr_line' id='line_1_52' title="bbox 76 4907 1675 4993; baseline -0.011 -16"><span class='ocrx_word' id='word_1_661' title='bbox 76 4934 127 4978; x_wconf 81' lang='lat' dir='ltr'><strong>eus</strong></span> <span class='ocrx_word' id='word_1_662' title='bbox 138 4919 334 4993; x_wconf 80' lang='lat' dir='ltr'><strong>malignitatis</strong></span> <span class='ocrx_word' id='word_1_663' title='bbox 347 4915 481 4972; x_wconf 84' lang='lat' dir='ltr'><strong>minister</strong></span> <span class='ocrx_word' id='word_1_664' title='bbox 491 4915 644 4988; x_wconf 86' lang='lat' dir='ltr'><strong>epistolam</strong></span> <span class='ocrx_word' id='word_1_665' title='bbox 656 4916 690 4970; x_wconf 90' lang='lat' dir='ltr'><strong>ad</strong></span> <span class='ocrx_word' id='word_1_666' title='bbox 702 4915 800 4969; x_wconf 90' lang='lat' dir='ltr'><strong>diubo-</strong></span> <span class='ocrx_word' id='word_1_667' title='bbox 854 4936 887 4974; x_wconf 93' lang='lat' dir='ltr'><strong>ac</strong></span> <span class='ocrx_word' id='word_1_668' title='bbox 897 4913 1192 4972; x_wconf 82' lang='lat' dir='ltr'><strong>immensurabilitate</strong></span> <span class='ocrx_word' id='word_1_669' title='bbox 1206 4910 1331 4968; x_wconf 81' lang='lat' dir='ltr'><strong>tristitiae</strong></span> <span class='ocrx_word' id='word_1_670' title='bbox 1345 4910 1513 4983; x_wconf 87' lang='lat' dir='ltr'><strong>absorptus,</strong></span> <span class='ocrx_word' id='word_1_671' title='bbox 1524 4912 1553 4964; x_wconf 91' lang='lat' dir='ltr'><strong>et</strong></span> <span class='ocrx_word' id='word_1_672' title='bbox 1567 4907 1675 4964; x_wconf 90' lang='lat' dir='ltr'><strong>amico·</strong></span> 
     </span>
     <span class='ocr_line' id='line_1_53' title="bbox 76 4997 1675 5070; baseline -0.01 -3"><span class='ocrx_word' id='word_1_673' title='bbox 76 5008 185 5067; x_wconf 79' lang='lat' dir='ltr'><strong>alutae</strong></span> <span class='ocrx_word' id='word_1_674' title='bbox 196 5007 280 5064; x_wconf 90' lang='lat' dir='ltr'><strong>illum</strong></span> <span class='ocrx_word' id='word_1_675' title='bbox 291 5006 448 5063; x_wconf 90' lang='lat' dir='ltr'><strong>habentem</strong></span> <span class='ocrx_word' id='word_1_676' title='bbox 460 5020 580 5061; x_wconf 86' lang='lat' dir='ltr'><strong>seusam</strong></span> <span class='ocrx_word' id='word_1_677' title='bbox 594 5003 702 5059; x_wconf 89' lang='lat' dir='ltr'><strong>istum:</strong></span> <span class='ocrx_word' id='word_1_678' title='bbox 720 5006 798 5070; x_wconf 85' lang='lat' dir='ltr'><strong>Quo·</strong></span> <span class='ocrx_word' id='word_1_679' title='bbox 854 5024 919 5061; x_wconf 91' lang='lat' dir='ltr'><strong>rum</strong></span> <span class='ocrx_word' id='word_1_680' title='bbox 940 5002 1071 5061; x_wconf 91' lang='lat' dir='ltr'><strong>consiliis</strong></span> <span class='ocrx_word' id='word_1_681' title='bbox 1100 5001 1247 5070; x_wconf 90' lang='lat' dir='ltr'><strong>credulus,</strong></span> <span class='ocrx_word' id='word_1_682' title='bbox 1264 4999 1445 5057; x_wconf 88' lang='lat' dir='ltr'><strong>hortantium</strong></span> <span class='ocrx_word' id='word_1_683' title='bbox 1461 4998 1486 5055; x_wconf 95' lang='lat' dir='ltr'><strong>ei</strong></span> <span class='ocrx_word' id='word_1_684' title='bbox 1502 4997 1613 5054; x_wconf 89' lang='lat' dir='ltr'><strong>delerre</strong></span> <span class='ocrx_word' id='word_1_685' title='bbox 1626 5012 1675 5052; x_wconf 92' lang='lat' dir='ltr'><strong>ve·</strong></span> 
     </span>
     <span class='ocr_line' id='line_1_54' title="bbox 78 5085 1676 5173; baseline -0.008 -18"><span class='ocrx_word' id='word_1_686' title='bbox 78 5096 210 5173; x_wconf 84' lang='lat' dir='ltr'><strong>quidem,</strong></span> <span class='ocrx_word' id='word_1_687' title='bbox 227 5097 269 5151; x_wconf 91' lang='lat' dir='ltr'><strong>mi</strong></span> <span class='ocrx_word' id='word_1_688' title='bbox 293 5094 410 5152; x_wconf 91' lang='lat' dir='ltr'><strong>domina</strong></span> <span class='ocrx_word' id='word_1_689' title='bbox 435 5098 463 5149; x_wconf 91' lang='lat' dir='ltr'><strong>ct</strong></span> <span class='ocrx_word' id='word_1_690' title='bbox 489 5096 669 5165; x_wconf 91' lang='lat' dir='ltr'><strong>procurator,</strong></span> <span class='ocrx_word' id='word_1_691' title='bbox 687 5096 800 5164; x_wconf 88' lang='lat' dir='ltr'><strong>oportet</strong></span> <span class='ocrx_word' id='word_1_692' title='bbox 853 5095 998 5150; x_wconf 84' lang='lat' dir='ltr'><strong>luntatem</strong></span> <span class='ocrx_word' id='word_1_693' title='bbox 1013 5093 1089 5165; x_wconf 88' lang='lat' dir='ltr'><strong>ejus,</strong></span> <span class='ocrx_word' id='word_1_694' title='bbox 1105 5096 1156 5147; x_wconf 92' lang='lat' dir='ltr'><strong>aut</strong></span> <span class='ocrx_word' id='word_1_695' title='bbox 1180 5090 1308 5163; x_wconf 84' lang='lat' dir='ltr'><strong>seipsam</strong></span> <span class='ocrx_word' id='word_1_696' title='bbox 1330 5105 1482 5162; x_wconf 86' lang='lat' dir='ltr'><strong>exponere,</strong></span> <span class='ocrx_word' id='word_1_697' title='bbox 1499 5085 1676 5144; x_wconf 88' lang='lat' dir='ltr'><strong>concredens</strong></span> 
     </span>
     <span class='ocr_line' id='line_1_55' title="bbox 76 5172 1677 5258; baseline -0.008 -14"><span class='ocrx_word' id='word_1_698' title='bbox 76 5202 113 5244; x_wconf 81' lang='lat' dir='ltr'><strong>are</strong></span> <span class='ocrx_word' id='word_1_699' title='bbox 128 5204 176 5244; x_wconf 91' lang='lat' dir='ltr'><strong>me</strong></span> <span class='ocrx_word' id='word_1_700' title='bbox 191 5203 209 5243; x_wconf 93' lang='lat' dir='ltr'><strong>a</strong></span> <span class='ocrx_word' id='word_1_701' title='bbox 223 5185 456 5241; x_wconf 87' lang='lat' dir='ltr'><strong>Christianorum</strong></span> <span class='ocrx_word' id='word_1_702' title='bbox 468 5180 608 5254; x_wconf 77' lang='lat' dir='ltr'><strong>religione</strong></span> <span class='ocrx_word' id='word_1_703' title='bbox 619 5181 797 5248; x_wconf 82' lang='lat' dir='ltr'><strong>abstrahere,</strong></span> <span class='ocrx_word' id='word_1_704' title='bbox 853 5189 936 5258; x_wconf 88' lang='lat' dir='ltr'><strong>pater</strong></span> <span class='ocrx_word' id='word_1_705' title='bbox 947 5180 1083 5257; x_wconf 79' lang='lat' dir='ltr'><strong>praec-cpit</strong></span> <span class='ocrx_word' id='word_1_706' title='bbox 1094 5178 1155 5236; x_wconf 90' lang='lat' dir='ltr'><strong>lieri</strong></span> <span class='ocrx_word' id='word_1_707' title='bbox 1166 5178 1342 5237; x_wconf 88' lang='lat' dir='ltr'><strong>desiderium</strong></span> <span class='ocrx_word' id='word_1_708' title='bbox 1355 5177 1512 5251; x_wconf 72' lang='lat' dir='ltr'><strong>puellame</strong></span> <span class='ocrx_word' id='word_1_709' title='bbox 1522 5172 1631 5232; x_wconf 83' lang='lat' dir='ltr'><strong>exitiali</strong></span> <span class='ocrx_word' id='word_1_710' title='bbox 1645 5189 1677 5231; x_wconf 88' lang='lat' dir='ltr'><strong>se</strong></span> 
     </span>
     <span class='ocr_line' id='line_1_56' title="bbox 102 5262 1677 5343; baseline -0.01 -9"><span class='ocrx_word' id='word_1_711' title='bbox 102 5276 247 5334; x_wconf 79' lang='lat' dir='ltr'><strong>adducere</strong></span> <span class='ocrx_word' id='word_1_712' title='bbox 275 5272 427 5337; x_wconf 86' lang='lat' dir='ltr'><strong>voluntati,</strong></span> <span class='ocrx_word' id='word_1_713' title='bbox 444 5275 476 5327; x_wconf 89' lang='lat' dir='ltr'><strong>ut</strong></span> <span class='ocrx_word' id='word_1_714' title='bbox 500 5270 709 5342; x_wconf 86' lang='lat' dir='ltr'><strong>multiplicetur</strong></span> <span class='ocrx_word' id='word_1_715' title='bbox 733 5288 800 5343; x_wconf 90' lang='lat' dir='ltr'><strong>pars</strong></span> <span class='ocrx_word' id='word_1_716' title='bbox 853 5273 981 5329; x_wconf 82' lang='lat' dir='ltr'><strong>traderet</strong></span> <span class='ocrx_word' id='word_1_717' title='bbox 996 5271 1092 5327; x_wconf 90' lang='lat' dir='ltr'><strong>morti.</strong></span> <span class='ocrx_word' id='word_1_718' title='bbox 1109 5270 1145 5325; x_wconf 81' lang='lat' dir='ltr'><strong>ut</strong></span> <span class='ocrx_word' id='word_1_719' title='bbox 1163 5269 1284 5326; x_wconf 86' lang='lat' dir='ltr'><strong>adduxit</strong></span> <span class='ocrx_word' id='word_1_720' title='bbox 1310 5266 1465 5341; x_wconf 77' lang='lat' dir='ltr'><strong>qrrarsitum</strong></span> <span class='ocrx_word' id='word_1_721' title='bbox 1495 5280 1618 5336; x_wconf 91' lang='lat' dir='ltr'><strong>puerum</strong></span> <span class='ocrx_word' id='word_1_722' title='bbox 1639 5262 1677 5319; x_wconf 91' lang='lat' dir='ltr'><strong>ad</strong></span> 
     </span>
    </p>

    <p class='ocr_par' dir='ltr' id='par_1_4' title="bbox 76 5350 1679 5613">
     <span class='ocr_line' id='line_1_57' title="bbox 76 5350 1677 5437; baseline -0.008 -14"><span class='ocrx_word' id='word_1_723' title='bbox 76 5362 171 5423; x_wconf 77' lang='lat' dir='ltr'><strong>lat-cibi</strong></span> <span class='ocrx_word' id='word_1_724' title='bbox 179 5362 312 5436; x_wconf 89' lang='lat' dir='ltr'><strong>huncqui</strong></span> <span class='ocrx_word' id='word_1_725' title='bbox 323 5365 566 5434; x_wconf 79' lang='lat' dir='ltr'><strong>praesentesmcas</strong></span> <span class='ocrx_word' id='word_1_726' title='bbox 573 5361 665 5415; x_wconf 85' lang='lat' dir='ltr'><strong>drl&#39;crt</strong></span> <span class='ocrx_word' id='word_1_727' title='bbox 676 5358 798 5427; x_wconf 83' lang='lat' dir='ltr'><strong>litterae,</strong></span> <span class='ocrx_word' id='word_1_728' title='bbox 855 5362 1004 5437; x_wconf 86' lang='lat' dir='ltr'><strong>propriam</strong></span> <span class='ocrx_word' id='word_1_729' title='bbox 1021 5359 1267 5432; x_wconf 77' lang='lat' dir='ltr'><strong>filianr,ala11sque</strong></span> <span class='ocrx_word' id='word_1_730' title='bbox 1290 5358 1332 5414; x_wconf 83' lang='lat' dir='ltr'><strong>cis</strong></span> <span class='ocrx_word' id='word_1_731' title='bbox 1347 5370 1464 5412; x_wconf 87' lang='lat' dir='ltr'><strong>carnem</strong></span> <span class='ocrx_word' id='word_1_732' title='bbox 1480 5350 1677 5410; x_wconf 83' lang='lat' dir='ltr'><strong>substantium</strong></span> 
     </span>
     <span class='ocr_line' id='line_1_58' title="bbox 77 5440 1678 5526; baseline -0.008 -14"><span class='ocrx_word' id='word_1_733' title='bbox 77 5458 136 5511; x_wconf 75' lang='lat' dir='ltr'><strong>aare</strong></span> <span class='ocrx_word' id='word_1_734' title='bbox 151 5453 182 5511; x_wconf 91' lang='lat' dir='ltr'><strong>in</strong></span> <span class='ocrx_word' id='word_1_735' title='bbox 198 5451 326 5526; x_wconf 92' lang='lat' dir='ltr'><strong>puellam</strong></span> <span class='ocrx_word' id='word_1_736' title='bbox 341 5468 488 5514; x_wconf 86' lang='lat' dir='ltr'><strong>exarsum,</strong></span> <span class='ocrx_word' id='word_1_737' title='bbox 504 5453 532 5503; x_wconf 89' lang='lat' dir='ltr'><strong>ct</strong></span> <span class='ocrx_word' id='word_1_738' title='bbox 548 5448 800 5520; x_wconf 82' lang='lat' dir='ltr'><strong>1mstulocamac-</strong></span> <span class='ocrx_word' id='word_1_739' title='bbox 856 5447 1261 5509; x_wconf 75' lang='lat' dir='ltr'><strong>saramdixitsthausuazvale,</strong></span> <span class='ocrx_word' id='word_1_740' title='bbox 1274 5445 1408 5501; x_wconf 87' lang='lat' dir='ltr'><strong>liliavure</strong></span> <span class='ocrx_word' id='word_1_741' title='bbox 1418 5440 1678 5513; x_wconf 80' lang='lat' dir='ltr'><strong>nrisera3multum</strong></span> 
     </span>
     <span class='ocr_line' id='line_1_59' title="bbox 77 5528 1679 5613; baseline -0.007 -13"><span class='ocrx_word' id='word_1_742' title='bbox 77 5560 86 5599; x_wconf 83' lang='lat' dir='ltr'><strong>r</strong></span> <span class='ocrx_word' id='word_1_743' title='bbox 102 5543 192 5600; x_wconf 85' lang='lat' dir='ltr'><strong>istam</strong></span> <span class='ocrx_word' id='word_1_744' title='bbox 214 5540 364 5613; x_wconf 87' lang='lat' dir='ltr'><strong>consequi,</strong></span> <span class='ocrx_word' id='word_1_745' title='bbox 377 5542 407 5595; x_wconf 92' lang='lat' dir='ltr'><strong>at</strong></span> <span class='ocrx_word' id='word_1_746' title='bbox 418 5543 447 5594; x_wconf 89' lang='lat' dir='ltr'><strong>ct</strong></span> <span class='ocrx_word' id='word_1_747' title='bbox 458 5538 487 5592; x_wconf 91' lang='lat' dir='ltr'><strong>iu</strong></span> <span class='ocrx_word' id='word_1_748' title='bbox 500 5539 555 5592; x_wconf 86' lang='lat' dir='ltr'><strong>isto</strong></span> <span class='ocrx_word' id='word_1_749' title='bbox 567 5536 682 5609; x_wconf 76' lang='lat' dir='ltr'><strong>glorier,</strong></span> <span class='ocrx_word' id='word_1_750' title='bbox 694 5542 800 5593; x_wconf 88' lang='lat' dir='ltr'><strong>etcum</strong></span> <span class='ocrx_word' id='word_1_751' title='bbox 855 5540 933 5597; x_wconf 89' lang='lat' dir='ltr'><strong>enirn</strong></span> <span class='ocrx_word' id='word_1_752' title='bbox 949 5533 1069 5612; x_wconf 78' lang='lat' dir='ltr'><strong>planges</strong></span> <span class='ocrx_word' id='word_1_753' title='bbox 1095 5538 1239 5611; x_wconf 87' lang='lat' dir='ltr'><strong>poeuitens</strong></span> <span class='ocrx_word' id='word_1_754' title='bbox 1254 5535 1283 5590; x_wconf 92' lang='lat' dir='ltr'><strong>in</strong></span> <span class='ocrx_word' id='word_1_755' title='bbox 1299 5532 1458 5591; x_wconf 86' lang='lat' dir='ltr'><strong>novissimo</strong></span> <span class='ocrx_word' id='word_1_756' title='bbox 1473 5532 1590 5607; x_wconf 81' lang='lat' dir='ltr'><strong>quaudo</strong></span> <span class='ocrx_word' id='word_1_757' title='bbox 1605 5528 1679 5589; x_wconf 84' lang='lat' dir='ltr'><strong>aihu</strong></span> 
     </span>
    </p>
   </div>
   <div class='ocr_carea' id='block_1_3' title="bbox 81 5620 1715 5751">
    <p class='ocr_par' dir='ltr' id='par_1_5' title="bbox 81 5620 1715 5751">
     <span class='ocr_line' id='line_1_60' title="bbox 81 5620 1715 5751; baseline -0.006 -61"><span class='ocrx_word' id='word_1_758' title='bbox 81 5631 232 5690; x_wconf 81' lang='lat' dir='ltr'><strong>alacritate</strong></span> <span class='ocrx_word' id='word_1_759' title='bbox 243 5647 415 5703; x_wconf 82' lang='lat' dir='ltr'><strong>congregem</strong></span> <span class='ocrx_word' id='word_1_760' title='bbox 429 5628 583 5702; x_wconf 89' lang='lat' dir='ltr'><strong>placitores</strong></span> <span class='ocrx_word' id='word_1_761' title='bbox 595 5631 671 5684; x_wconf 90' lang='lat' dir='ltr'><strong>tuos.</strong></span> <span class='ocrx_word' id='word_1_762' title='bbox 683 5629 717 5683; x_wconf 78' lang='lat' dir='ltr'><strong>lli</strong></span> <span class='ocrx_word' id='word_1_763' title='bbox 728 5629 801 5684; x_wconf 91' lang='lat' dir='ltr'><strong>dans</strong></span> <span class='ocrx_word' id='word_1_764' title='bbox 856 5630 947 5687; x_wconf 90' lang='lat' dir='ltr'><strong>hahes</strong></span> <span class='ocrx_word' id='word_1_765' title='bbox 956 5630 1105 5701; x_wconf 84' lang='lat' dir='ltr'><strong>preficere.</strong></span> <span class='ocrx_word' id='word_1_766' title='bbox 1119 5627 1222 5697; x_wconf 82' lang='lat' dir='ltr'><strong>iniquo</strong></span> <span class='ocrx_word' id='word_1_767' title='bbox 1236 5640 1305 5696; x_wconf 80' lang='lat' dir='ltr'><strong>ergo</strong></span> <span class='ocrx_word' id='word_1_768' title='bbox 1319 5623 1457 5698; x_wconf 84' lang='lat' dir='ltr'><strong>conjugio</strong></span> <span class='ocrx_word' id='word_1_769' title='bbox 1474 5622 1563 5697; x_wconf 77' lang='lat' dir='ltr'><strong>laeto,</strong></span> <span class='ocrx_word' id='word_1_770' title='bbox 1572 5624 1604 5681; x_wconf 82' lang='lat' dir='ltr'><strong>et</strong></span> <span class='ocrx_word' id='word_1_771' title='bbox 1615 5620 1715 5751; x_wconf 38' lang='grc' dir='ltr'>ὦῶ</span> 
     </span>
    </p>
   </div>
   <div class='ocr_carea' id='block_1_4' title="bbox 0 0 1917 6098">
    <p class='ocr_par' dir='ltr' id='par_1_6' title="bbox 0 0 1917 6098">
     <span class='ocr_line' id='line_1_61' title="bbox 0 0 1917 6098; baseline 0 0"><span class='ocrx_word' id='word_1_772' title='bbox 0 0 1917 6098; x_wconf 95' lang='lat' dir='ltr'><strong> </strong></span> 
     </span>
    </p>
   </div>
  </div>
 </body>
</html>
