3810 6098
96 222 156 284 205
521 218 753 281 lllNGltlllllUS
775 215 1000 280 tabennesis
1021 214 1368 306 nnenlcrlseolrns.
1742 214 1799 276 sae

96 359 142 413 tor
156 353 195 411 sit
208 352 375 421 cruclllxue,
391 368 450 409 non
465 352 501 409 ad
516 350 692 409 sacramenti
706 349 854 415 virtutem,
865 344 917 405 sed
930 351 959 418 Α
972 349 1141 406 dixeramus
1159 348 1360 407 auctoritative
1379 348 1537 406 resisteret.
1553 346 1586 405 st
1604 349 1708 404 sutem
1722 353 1752 405 et
1764 349 1801 406 ds

96 445 133 501 ad
149 440 313 499 inlldelium
324 440 444 515 respicit
458 445 581 513 partem,
593 456 660 494 cunr
672 438 793 511 sanguis
804 436 919 493 Domini
973 454 1080 503 errore,
1092 436 1268 494 conscientia
1283 454 1315 492 se
1330 437 1523 505 remordente,
1535 436 1684 511 corrigere
1698 435 1799 506 voluit,

96 533 188 591 nostri
198 532 268 589 Jesu
278 530 387 588 Christi
398 528 524 603 pretium
536 529 674 585 tetiussit
684 526 857 583 nunctiant
867 543 920 582 nos
973 530 1003 581 et
1018 526 1081 582 idco
1097 528 1133 582 do
1148 527 1243 582 modio
1264 527 1320 582 ist-e
1337 526 1459 591 abrasit,
1474 529 1504 581 et
1518 526 1717 598 precedentes
1731 543 1799 585 suos

95 621 290 696 scripsimus:
308 619 378 689 Quia
392 634 454 675 earo
467 633 560 675 omnes
572 619 711 690 passionis
724 618 782 689 eas
791 616 921 688 eeysterio
972 621 1132 684 errores,et
1142 617 1354 689 subsequentes
1364 619 1480 671 nostras
1490 614 1639 672 indebitas
1648 616 1800 689 repreben-

95 728 152 770 rtoa
179 708 362 775 redimentur,
377 724 434 765 nore
456 709 568 780 respicit
594 706 630 762 oct
657 704 874 778 mopnitndiaem
896 710 923 760 et
974 704 1081 774 aiones,
1098 705 1216 777 penitus
1229 705 1385 761 absumere
1399 703 1511 759 debuit.

93 801 179 873 pretii
195 795 442 870 opprimemus
457 796 493 852 cd
507 795 662 868 infitiatione
682 796 792 866 respicit
803 801 918 866 partone.

96 889 220 961 Prosper
234 886 348 942 actione
362 881 785 959 primacontral'inccntianos
800 883 880 954 (resp.
893 881 920 950 l)
1270 873 1386 930 CAPUT
1404 873 1498 929 XXXI.

96 974 204 1033 dicits«
220 973 362 1032 Pacuium
378 974 487 1046 quippe
506 971 746 1042 immortalitatis,
757 971 836 1044 qued
851 986 920 1026 cen·
973 990 1011 1038 De
1025 988 1110 1039 decem
1124 989 1149 1038 ,r
1164 1003 1254 1039 „ovem
1275 988 1404 1054 caprelis,
1425 1003 1481 1053 quc
1500 989 1656 1054 comp-1010,
1675 990 1797 1056 popm

97 1067 205 1123 lectum
220 1069 266 1121 est
281 1064 316 1119 dc
337 1061 508 1119 intirmltata
523 1066 622 1118 nostra
642 1064 671 1117 ct
688 1061 796 1117 virtute
810 1060 919 1126 divina,
1003 1075 1062 1110 rem
1076 1058 1267 1124 aeternaeque
1288 1060 1464 1110 dominatione
1484 1060 1617 1120 domm,
1633 1062 1661 1111 in
1674 1062 1796 1127 nepeta

96 1155 186 1211 babet
200 1153 320 1227 quidem
336 1151 366 1207 in
381 1166 413 1208 se
427 1154 460 1207 ut
479 1151 617 1206 omnibus
632 1149 738 1222 prusit;
756 1150 806 1204 sed
821 1149 845 1205 si
862 1160 919 1203 non
1004 1131 1073 1213 “⁰²¹5
1094 1133 1182 1212 ²⁸⁰⁵&ss
1198 1132 1390 1213 itmm‘iffl‘v
1402 1133 1431 1212 fi
1454 1129 1486 1180 ‘¹⁰
1507 1130 1584 1214 ⁰155&¹
1598 1132 1655 1197 ’Μ
1676 1146 1733 1198 tw
1747 1149 1796 1215 ,Μ

96 1243 217 1310 bibitur,
229 1257 288 1298 non
304 1241 467 1297 medetur.»
478 1240 513 1295 lit
523 1255 577 1295 nos
587 1237 760 1310 scripsimus
772 1254 779 1293 ι
792 1238 863 1306 Quia
875 1252 921 1308 po
1000 1203 1502 1339 2222{ffffissnz'zffifffflffiffff
1511 1216 1526 1252 a
1536 1200 1694 1268 qu'bm‘m'
1703 1202 1796 1255 [Μ’

96 1332 333 1390 columbariense
355 1330 453 1385 saletis
467 1327 537 1401 qnod
556 1329 707 1398 consectam
719 1334 759 1383 est
781 1325 813 1382 de
838 1325 920 1396 infir·
1463 1311 1469 1323 '

94 1424 189 1478 mttere
202 1427 295 1477 aesna
308 1426 335 1475 ct
348 1420 447 1474 birtine
466 1416 573 1484 divina,
588 1416 667 1472 babet
683 1415 793 1488 quidese
805 1415 834 1470 ia
848 1430 877 1471 se
890 1421 922 1470 at
1008 1417 1049 1473 De
1064 1418 1164 1473 decem
1174 1414 1320 1488 siquidem
1331 1420 1474 1473 etnovem
1486 1417 1635 1490 capitulis,
1646 1434 1714 1492 quo
1723 1436 1798 1479 com

95 1510 221 1568 mettas
230 1509 327 1581 prosit.
338 1506 420 1563 sedet
429 1516 485 1562 eoa
495 1503 802 1562 attoarnonnmterer.
814 1504 846 1559 ln
858 1501 920 1574 qui·
972 1511 1125 1574 memorat,
1146 1521 1225 1561 nnnc
1248 1505 1284 1560 ad
1313 1504 1371 1561 aliu
1399 1504 1644 1578 occupationibus
1668 1508 1798 1568 devocati

96 1598 152 1656 bus
164 1596 295 1655 verbissi
310 1592 441 1666 aliquam
456 1593 599 1666 syllabam
609 1610 668 1649 uon
683 1597 781 1649 autem
798 1607 918 1648 sensum
972 1595 1098 1652 scribere
1111 1593 1342 1667 supersedimus.
1353 1594 1796 1670 litquiaandivimnsquoniam

94 1685 328 1750 immutavimus,
338 1698 396 1739 non
407 1681 609 1755 perstudium,
619 1696 714 1754 neque
725 1697 776 1753 per
784 1696 920 1752 arrogan·
971 1683 1028 1755 ipsi
1047 1683 1098 1756 qui
1122 1682 1173 1738 illa
1200 1682 1446 1754 reprehenderent
1459 1688 1561 1739 eontra
1588 1700 1624 1741 es
1652 1686 1796 1757 scribunt,

94 1773 289 1842 tiam-accidit,
299 1773 351 1829 sed
362 1787 421 1844 que
430 1771 538 1827 librum
552 1771 684 1842 ejusdem
696 1769 772 1826 beati
784 1768 916 1842 Prosperi
971 1776 1174 1844 exspectamus
1188 1773 1281 1827 donec
1302 1771 1456 1827 videamus
1470 1771 1495 1827 si
1509 1771 1619 1845 aliquis
1643 1774 1735 1832 luerit
1747 1777 1797 1849 qul

94 1883 154 1938 pra
168 1863 307 1920 manibus
322 1876 381 1917 non
401 1859 572 1926 babuimus,
583 1863 611 1915 el
626 1859 754 1932 spatium
771 1864 803 1914 ut
821 1855 918 1913 ullcrri
971 1861 1036 1933 ipse
1051 1860 1161 1917 nitatur
1176 1860 1340 1927 defendere,
1347 1859 1391 1915 vcl
1402 1860 1472 1931 quid
1483 1866 1587 1917 contra
1598 1861 1653 1919 ille
1665 1862 1798 1922 scribens

93 1953 244 2019 valuisset,
254 1946 574 2006 instantiaCbristienoe
587 1948 748 2004 devotionis
758 1950 859 2003 vestre
870 1962 917 2002 co·
972 1950 1082 2006 nitatur
1096 1965 1235 2005 asserere.
1249 1948 1314 2006 lilia
1329 1947 1523 2006 nihilominus
1537 1950 1670 2025 capitula
1682 1955 1719 2008 77
1729 1970 1797 2028 quo·

94 2046 190 2114 gente,
204 2038 282 2096 sieut
296 2036 353 2110 ipsi
368 2036 475 2093 melius
490 2037 583 2104 scitis,
593 2034 767 2092 venerabilis
782 2035 918 2108 princeps
971 2041 1039 2094 dnm
1063 2040 1200 2095 ollerente
1224 2038 1420 2110 suscepimus,
1434 2055 1561 2109 quorum
1584 2043 1796 2115 snpersmiptic

95 2133 194 2186 noster
208 2126 311 2185 Xerole
338 2142 387 2182 rex
414 2123 550 2197 gloriose,
561 2125 693 2181 obtinere
719 2123 915 2197 nequivimus,
970 2125 1038 2183 talis
1048 2131 1093 2182 cst
1104 2143 1128 2184 :a
1140 2124 1350 2198 Roanpitulatio
1364 2125 1455 2182 tatius
1469 2126 1577 2200 operis,
1587 2132 1619 2184 et
1631 2130 1798 2204 capitulum

94 2215 304 2292 compellentes
320 2232 373 2271 nos
394 2214 589 2270 coarctatione
612 2214 797 2287 dignissima,
813 2214 916 2268 ‹lnnns
971 2214 1048 2273 282
1059 2216 1187 2288 primum
1199 2214 1802 2291 babeturlrujusmodi:amnisquam-urin

93 2304 260 2380 exemplum
275 2319 309 2360 ex
324 2303 398 2359 libro
414 2302 578 2375 llinronymi
589 2303 625 2358 de
635 2302 746 2375 optimo
757 2317 861 2374 genere
875 2301 918 2356 in·
970 2305 1138 2377 regularum
1149 2308 1276 2376 quatuor
1285 2304 1375 2359 totius
1388 2302 1581 2376 pbilosophis
1591 2321 1713 2364 omnem
1722 2322 1801 2381 qus-

93 2393 284 2470 terpretandi,
300 2393 370 2466 qula
393 2408 452 2448 non
477 2397 593 2447 tuntum
617 2391 791 2463 quaerebatis
816 2391 917 2447 aliene
971 2394 1096 2451 silonem
1111 2391 1194 2448 solvi.
1208 2392 1429 2464 llcspondemus
1440 2408 1492 2448 nae
1502 2390 1574 2448 illud
1586 2395 1796 2466 quadruvium,

93 2481 315 2557 compositionis
334 2481 432 2548 verba,
445 2496 534 2552 quam
550 2480 669 2535 sinceris
692 2485 721 2536 el
743 2478 917 2552 episcopalis
971 2498 1024 2537 nec
1034 2480 1095 2537 nlla
1107 2482 1263 2536 mundane
1279 2480 1429 2552 sapientie
1444 2480 1616 2552 sententias,
1626 2483 1665 2538 ad
1679 2498 1795 2542 emnem

94 2568 277 2630 conscientian
293 2569 438 2626 catholica
451 2570 639 2624 documenta.
970 2570 1162 2644 questionem
1178 2568 1347 2625 solvendam
1360 2568 1496 2624 sulllcere
1507 2570 1621 2642 absque
1635 2573 1735 2644 gratia
1747 2573 1793 2630 bei

129 2662 203 2718 281
222 2658 291 2716 Post
304 2656 502 2732 premissade
517 2656 625 2730 quibus
641 2656 782 2712 rationem
793 2657 918 2713 reddidi·
970 2665 1000 2715 et
1018 2660 1084 2729 fide,
1101 2676 1166 2731 quas
1195 2674 1247 2730 por
1274 2656 1458 2712 dilectionem
1474 2662 1623 2729 operatur,
1641 2677 1679 2717 ac
1703 2660 1793 2718 veraci

94 2763 171 2817 mus,
183 2746 343 2805 subnexuit
355 2760 390 2803 ex
403 2744 505 2802 ordine
513 2744 709 2818 capitulorum
720 2745 915 2817 compositor:
971 2748 1068 2805 studio
1079 2751 1108 2803 et
1117 2751 1285 2804 sanctarum
1297 2744 1419 2802 scicntia
1428 2746 1663 2818 seripturarum.
1674 2746 1793 2807 Novisd·

95 2840 220 2905 «Porro,
235 2836 341 2910 inquii,
357 2832 487 2909 capitula
501 2850 623 2891 numero
643 2835 743 2890 decem
758 2839 917 2901 atumem,
971 2835 1225 2894 mumrere.Dicis
1236 2834 1638 2909 anathematizarsmeosqui
1648 2838 1793 2910 geminam

94 2926 274 3002 syllogismis
288 2924 472 3000 ineptissime
482 2928 511 2980 et
521 2923 747 2980 mendacissime
762 2924 916 2995 aquodam
971 2925 1256 3000 prmlcstinationem
1267 2924 1438 2990 dicunt,aut
1447 2924 1724 2995 praedestinationes
1736 2926 1792 3001 pla·

94 3019 192 3074 Scotto
213 3013 363 3082 conclusa,
378 3013 429 3070 ubi
453 3030 510 3069 non
541 3017 748 3086 argumentum
772 3012 851 3079 lldei,
866 3012 916 3068 sed
972 3012 1443 3085 raliterellorunt.Respondemus
1459 3012 1791 3085 tibipotinsconvenirs,

95 3107 193 3180 potins
212 3109 411 3161 commentum
435 3102 563 3175 perlidirc
588 3106 676 3174 putot,
693 3101 775 3157 nulla
797 3080 955 3157 omninoti
972 3104 1023 3177 qni
1038 3103 1189 3160 veritatem
1199 3101 1380 3173 judiciorum
1396 3100 1447 3156 Dei
1469 3101 1613 3174 tantisper
1628 3103 1791 3179 impugner,

95 3193 298 3269 philosophica
308 3196 379 3260 arte,
392 3195 629 3262 utarrogantera
640 3190 818 3262 quibusdam
827 3192 918 3262 jacta·
971 3194 1059 3250 fidem
1074 3190 1376 3248 dictorumveracium
1392 3206 1492 3262 negas,
1508 3206 1597 3248 sensa
1610 3193 1732 3250 Petrum
1747 3206 1793 3267 per

95 3290 153 3348 tur,
165 3282 379 3349 constructum,
395 3279 446 3334 sed
465 3278 546 3333 inani
568 3276 683 3333 fallacia
703 3282 731 3333 nt
748 3278 936 3349 deceptione·
971 3283 1071 3337 onrnia
1091 3280 1315 3337 reverendorum
1337 3278 1509 3334 fidelissima
1537 3281 1694 3352 depravas,
1708 3288 1740 3340 et
1762 3298 1794 3339 ss

95 3366 305 3441 impertissime
326 3366 521 3434 contusum,a
536 3365 583 3438 pio
598 3365 701 3420 auditu
723 3365 852 3421 fidolium
868 3382 917 3437 pe·
972 3372 1092 3443 insuper
1107 3387 1199 3426 novus
1222 3367 1385 3425 falsitatum
1408 3369 1542 3424 inventor
1564 3371 1717 3441 enuntias,
1733 3388 1792 3446 qus

95 3455 176 3513 uitus
190 3452 385 3526 explodimus.
397 3454 433 3509 nt
452 3458 485 3510 ut
501 3453 571 3509 talia
584 3456 613 3509 et
628 3451 736 3510 similia
751 3457 916 3523 caveantur,
972 3458 1071 3515 nullus
1085 3458 1210 3516 antebac
1218 3457 1327 3514 dixisse
1338 3456 1380 3513 vel
1391 3456 1545 3528 scripsisse
1554 3457 1707 3517 ullatenus
1722 3475 1793 3535 repe

95 3542 254 3618 peremnia
263 3541 570 3615 auctoritateSpiritus
581 3542 675 3598 sancti
685 3542 916 3601 interdicimus.»
972 3550 1074 3604 riter.»
1086 3551 1215 3614 Quorum
1230 3551 1374 3612 auctores,
1385 3544 1428 3601 vel
1444 3545 1541 3617 potius
1551 3545 1608 3602 sibi
1621 3564 1793 3623 compugne-

95 3634 205 3691 Debeo
221 3632 350 3705 capitulo
365 3633 498 3705 quendum
516 3632 636 3698 dempta
654 3630 818 3688 invenimus
834 3650 867 3688 ex
884 3650 918 3689 oo
972 3642 1060 3701 tores,
1071 3641 1100 3691 ot
1114 3636 1143 3690 in
1159 3635 1337 3705 quibusdam
1349 3633 1479 3689 veritatis
1495 3633 1792 3710 impugnatores-jae·

95 3724 172 3796 quod
189 3722 275 3779 nobis
289 3725 355 3777 ante
370 3720 541 3785 triennium,
555 3719 633 3775 sicut
647 3737 736 3792 supra
750 3722 919 3778 memoravi·
971 3725 1095 3781 litantur
1108 3741 1126 3779 a
1140 3722 1241 3779 multis
1257 3723 1433 3779 Prudentius
1446 3722 1613 3795 episcopus,
1625 3730 1659 3781 et
1671 3725 1793 3784 Joauues

94 3828 172 3879 mus,
189 3812 219 3866 in
235 3808 327 3866 Niclla
341 3807 410 3864 villa
430 3808 674 3882 Rbotomaqensis
688 3809 827 3883 episcopii
843 3827 920 3867 com·
972 3812 1149 3885 scottigena.
1160 3812 1216 3867 Sed
1232 3827 1286 3867 nos
1302 3827 1353 3866 nee
1365 3811 1481 3866 credere
1496 3827 1549 3867 nec
1564 3812 1792 3873 confirmarem*

96 3900 231 3956 misistis.
250 3898 359 3954 ibidem
388 3898 466 3954 onim
482 3898 624 3969 scriplum
648 3898 773 3954 habetur
797 3916 804 3953 :
831 3899 918 3956 Porro
971 3900 1167 3972 lumns,quod
1191 3898 1376 3955 documentis
1398 3898 1572 3956 certioribus
1597 3900 1794 3960 demonstrare

94 3988 224 4061 capitula
239 3991 374 4061 quatuor,
386 4003 451 4059 quae
473 3986 595 4042 consilio
619 3989 743 4043 l'ratrum
767 3990 918 4044 nostorum
972 4006 1030 4046 non
1041 4005 1210 4062 possumus.
1221 3987 1339 4044 Interim
1354 3991 1454 4044 tamen
1468 3987 1587 4044 illorum
1603 3991 1795 4049 contentioni

94 4075 916 4151 minusprospeetcsusceptasunt,proptcrinutilitatem,
972 4080 1025 4135 bns
1038 4095 1092 4134 nos
1107 4077 1272 4133 immiscere
1286 4075 1447 4143 noluimus,
1459 4093 1553 4149 usque
1566 4079 1641 4134 dum
1655 4078 1794 4153 liquidius

93 4165 137 4222 vel
152 4165 242 4222 etiam
257 4164 483 4231 noxietatemat
507 4180 634 4221 errorem
650 4164 829 4221 eontrarium
843 4165 918 4220 veri·
972 4182 1185 4241 eoqnoscamus
1200 4166 1235 4221 ad
1252 4180 1340 4237 quem
1365 4165 1453 4220 lluem
1467 4165 1689 4224 contentionem
1712 4184 1794 4225 suam

93 4255 158 4322 teti,
169 4256 220 4313 sed
236 4259 266 4312 et
280 4253 338 4312 alia
360 4252 489 4328 capitula
503 4269 626 4310 numero
645 4254 745 4311 decem
760 4257 789 4310 et
803 4270 917 4323 norem,
971 4257 1141 4329 quicunque
1152 4254 1212 4309 sint
1221 4252 1264 4308 illi
1276 4253 1476 4325 perduxerint,
1482 4254 1672 4313 recordantes
1681 4256 1792 4330 Septen

93 4343 273 4420 syllogismis
280 4343 733 4418 ineptissimeetmendacissima
740 4342 921 4410 conclamet
971 4344 1009 4401 tis
1025 4360 1077 4417 pro
1090 4342 1181 4399 verbii
1194 4358 1200 4397 :
1211 4342 1289 4398 Sicut
1302 4342 1350 4413 qni
1365 4341 1673 4413 apprehenderentur
1692 4360 1795 4412 mass,

94 4432 295 4506 reliquasieut
305 4439 336 4490 et
349 4433 398 4490 hie
409 4434 587 4506 compositor
599 4432 750 4489 istomodo
761 4431 917 4504 disposuit.
933 4435 1010 4517 peis
1023 4440 1050 4489 et
1063 4434 1111 4505 qai
1132 4433 1302 4487 immiscetur
1314 4432 1388 4487 riae
1401 4431 1516 4486 altadas
1530 4431 1621 4502 (Pron.
1641 4448 1722 4502 xxm,
1743 4434 1799 4507 lile

94 4520 176 4576 Unde
187 4522 340 4590 miramur,
352 4522 377 4578 si
387 4522 444 4580 iste
457 4523 487 4578 iu
499 4520 692 4596 compilandis
703 4521 762 4579 illis
772 4520 828 4577 luit
838 4520 917 4593 capi·
972 4523 1048 4580 Sunt
1057 4520 1332 4593 etaliequaevocum
1341 4519 1797 4585 novitatibusdelectentee,unds

94 4607 177 4678 tulis,
191 4608 246 4664 boc
262 4610 339 4682 quod
361 4615 432 4666 tune
450 4611 480 4666 in
496 4611 539 4667 eis
554 4616 614 4667 tum
630 4611 762 4668 studiose
785 4610 918 4682 inseruit,
974 4612 1029 4669 sibi
1044 4611 1147 4666 inanes
1161 4611 1331 4681 comparent
1345 4608 1541 4677 rumusculos,
1555 4614 1658 4666 contra
1672 4610 1797 4669 adsies

95 4712 185 4770 quare
198 4696 233 4751 de
248 4697 304 4752 isto
319 4699 439 4753 eradere
449 4698 562 4755 maluit.
575 4702 609 4756 llt
624 4702 648 4756 si
666 4702 694 4757 in
709 4700 768 4757 illis
782 4697 920 4772 capitulis
974 4699 1087 4756 tholicn
1102 4698 1255 4754 veritatem
1280 4696 1392 4753 dicunt.
1407 4696 1549 4754 Videlicet
1562 4698 1641 4770 quod
1666 4699 1747 4755 trina
1759 4699 1801 4757 sit

94 4783 273 4857 compositor
283 4784 339 4839 isle
348 4802 406 4841 non
419 4787 633 4858 luit‚quomodo
643 4794 703 4845 tam
714 4793 919 4855 consonanter,
974 4790 1082 4858 Deitas,
1094 4788 1171 4861 quod
1187 4787 1376 4842 Sacramenta
1389 4785 1491 4843 altaris
1500 4802 1558 4843 non
1573 4803 1676 4843 verum
1690 4794 1800 4862 eorpus¹

95 4872 171 4931 utin
187 4870 268 4928 nullo
292 4871 361 4940 alio,
377 4878 495 4945 excepto
516 4875 570 4931 isto
585 4874 658 4943 loco,
672 4882 701 4933 et
725 4878 761 4933 de
786 4876 920 4947 sequenti
973 4885 1001 4936 et
1014 4896 1100 4933 verus
1115 4874 1238 4948 sanguis
1252 4875 1290 4931 sit
1312 4875 1438 4944 Domini,
1449 4876 1499 4931 sed
1519 4878 1637 4931 tentum
1656 4876 1800 4933 memoria

94 4960 233 5037 capitulo,
242 4961 341 5033 dequo
353 4978 446 5017 unum
457 4959 769 5035 elinxitapostolieum,
780 4965 855 5020 sicut
865 4981 920 5021 suo
972 4966 1031 5021 veri
1047 4965 1177 5037 corporis
1191 4969 1220 5020 et
1234 4963 1386 5037 sanguinis
1400 4965 1474 5037 ejus,
1486 4964 1564 5037 quod
1579 4963 1677 5038 angeli
1692 4971 1800 5023 natura

33 5096 35 5100 -
94 5051 158 5110 loeo
169 5049 413 5117 monstrabimus,
425 5049 581 5106 deviaverit
592 5051 634 5107 rel
651 5052 859 5120 immutaverit,
870 5068 919 5108 ne·
973 5055 1033 5109 sint
1046 5051 1221 5126 corporales,
1237 5053 1316 5124 quod
1345 5053 1445 5108 anima
1464 5051 1668 5110 hominisnon
1695 5053 1736 5111 sit
1766 5053 1800 5112 in

95 5158 152 5214 que
166 5145 332 5196 transverso
346 5135 451 5210 capillo
467 5155 484 5193 a
497 5140 632 5195 concordi
648 5140 794 5197 sententia
809 5141 919 5196 exorbi-
973 5159 1102 5214 corpore,
1114 5142 1193 5213 quod
1208 5158 1264 5197 non
1282 5139 1345 5197 aliae
1365 5158 1456 5213 parurn
1475 5141 1535 5197 sint
1554 5141 1725 5211 infernales,
1741 5141 1804 5200 nist·

94 5229 207 5286 taverit.
217 5227 247 5284 Si
257 5226 336 5285 enirn
347 5243 400 5283 nos
406 5226 487 5298 juste
498 5230 527 5281 et
536 5227 748 5285 rationabiliter
763 5228 918 5302 repreben-
973 5229 1156 5286 tormentalis
1172 5229 1313 5285 memoria
1337 5228 1521 5285 conscientie
1549 5233 1748 5302 peccatorum.
1763 5231 1803 5289 st

94 5317 206 5374 derese
219 5333 304 5390 posse
314 5321 343 5374 et
357 5316 462 5373 debere
473 5315 603 5384 confidit,
613 5318 795 5390 nemorquia
810 5317 918 5376 Paulus
973 5321 1045 5376 forte
1061 5319 1111 5392 qui
1126 5336 1184 5376 non
1208 5322 1346 5392 satagunt
1361 5322 1393 5374 ut
1407 5323 1473 5390 post
1497 5318 1615 5375 finitum
1633 5318 1802 5379 universale

96 5405 179 5461 Petro
207 5405 237 5461 in
266 5406 371 5463 laniem
399 5404 508 5461 restitit
534 5404 605 5475 (Get.
626 5422 657 5474 ιι,
680 5407 734 5476 ll),
759 5412 918 5479 apportans
969 5407 1118 5479 judicium
1133 5407 1290 5463 Dominum
1301 5408 1429 5474 videant,
1440 5406 1567 5480 qualiter
1578 5407 1672 5465 videri
1682 5408 1801 5478 debeat,

95 5493 273 5569 scriptorum
285 5512 406 5557 suorum
422 5493 647 5572 plenitudinem,
658 5494 705 5554 his
721 5512 784 5572 qua
799 5510 919 5573 perpere
973 5496 1103 5556 mordaci
1114 5495 1808 5573 contentionedisquiruntdltpluraaliscontm·
