3810 6098
92 306 151 369 l35
558 302 752 369 ulutatum
776 305 998 369 RHUMUNSIS
1020 304 1327 370 uacutuelscopl.
1739 303 1802 367 tud

3 468 5 473 ·
91 441 219 510 credero,
235 443 362 513 quantos
386 436 526 496 nimirum
548 443 661 496 certum
684 444 729 497 est
757 439 915 496 electorum
929 441 957 508 A
972 456 1060 513 quarn
1072 455 1140 512 ergo
1151 456 1240 512 super
1248 456 1298 496 cos
1307 456 1410 513 vesper
1419 443 1618 513 consurgeret,
1630 438 1656 497 si
1667 438 1734 496 eceli
1745 438 1801 496 ulii

94 546 252 587 numerum
276 545 483 601 summamque
510 527 646 597 transire,
676 529 739 586 ait:
764 529 917 602 Multipli-
973 545 1037 584 esse
1051 528 1211 585 uolusscot.
1228 551 1241 579 o
1258 530 1293 584 Et
1308 528 1376 584 item
1392 529 1422 583 in
1438 527 1512 600 libro
1536 529 1678 602 vigesimo
1694 528 1802 600 quinto

92 621 154 678 cati
195 625 262 675 sunt
301 637 389 692 super
428 635 582 674 nutrieram
620 616 710 692 (Psat.
741 637 835 687 xxxix,
864 619 916 690 6);
973 617 1338 689 transeuntesque
1365 616 1464 673 electis
1490 616 1801 674 aliisaliiconterua-

94 711 167 768 m
188 708 406 765 acsidiceret:
424 707 524 763 Multis
549 706 707 764 Ecclesiam
727 706 918 774 intrantibus,
972 709 1029 773 tur,
1047 706 1082 761 de
1111 706 1214 762 merito
1244 705 1381 777 patientis
1410 711 1463 774 est,
1490 723 1547 762 non
1577 707 1613 762 de
1642 704 1803 779 iniquitate

95 798 360 856 stiamhiadtidem
371 797 452 870 regni
462 796 645 870 specietenus
656 795 919 867 veniunt,quianu·
972 795 1130 868 punientis.
1148 796 1210 853 Non
1225 796 1304 851 enim
1319 795 1438 869 iniquus
1452 797 1539 863 Deus,
1550 797 1627 854 372
1643 795 1695 868 qui
1712 796 1801 852 insert

96 886 582 958 meroeoelestiexcluduntur,quia
596 885 754 942 electorum
770 902 918 941 summam
973 884 1047 940 iram
1064 903 1071 941 t
1089 886 1165 941 unde
1195 889 1261 958 apte
1287 885 1479 958 subjungitur
1495 901 1502 939 :
1518 886 1599 942 Nouia
1621 885 1698 940 cuim
1718 900 1802 957 opera

96 993 151 1034 sua
171 975 305 1032 videlicet
328 973 569 1046 multiplicatione
593 977 758 1029 transeunt.
773 973 853 1029 Unde
868 991 920 1046 per
972 990 1075 1042 comm,
1091 974 1231 1032 etidcirco
1247 974 1355 1031 inducet
1374 981 1489 1040 nocem,
1504 982 1530 1031 ct
1543 981 1718 1031 canerentur
1729 972 1800 1044 (lod.

97 1066 203 1123 isaiam
212 1065 429 1138 quoqueeidem
440 1063 573 1120 Ecclesia
586 1063 919 1121 diciturzrtddcntcram
972 1080 1067 1132 xxxiv,
1082 1064 1139 1135 25).
1157 1086 1171 1113 »
1782 1059 1790 1069 '

96 1156 208 1211 enimet
219 1155 262 1211 ud
272 1155 377 1212 aaran
391 1151 609 1218 dilataberis,et
619 1169 715 1208 seuseu
730 1158 811 1208 taum
820 1159 920 1227 pontes
1009 1153 1043 1208 Ut
1052 1151 1122 1224 quia
1132 1151 1313 1224 prescientia
1323 1152 1373 1207 Dei
1385 1152 1448 1208 sinc
1468 1150 1726 1225 predestinatione
1736 1168 1803 1208 esse

98 1243 283 1302 terentiane
294 1243 464 1313 (lacerati).
473 1241 602 1297 latrante
612 1240 720 1314 quippe
731 1241 920 1300 multitudine
973 1246 1080 1314 potest,
1091 1240 1168 1298 sicut
1179 1242 1208 1297 iu
1218 1241 1277 1297 illis
1287 1241 1425 1297 omnibus
1440 1258 1504 1313 que
1520 1258 1578 1297 non
1594 1258 1628 1297 ex
1641 1240 1706 1312 ipso
1718 1245 1803 1296 erant

96 1333 229 1406 gentium
246 1334 282 1389 ad
297 1332 445 1388 dexteram
470 1328 646 1399 extenditur,
673 1331 744 1387 dum
775 1332 919 1404 quosdam
973 1329 1803 1403 oausamoperationishabitura,nontameneumpossunt

92 1421 301 1491 justificandos
317 1417 457 1491 suscipit:
470 1419 506 1474 ad
521 1417 623 1475 levam
636 1436 753 1492 quoque
768 1419 918 1488 dilatatur,
973 1417 1061 1475 latere
1078 1418 1222 1492 quinovit
1249 1418 1349 1475 omnia
1372 1419 1460 1474 etiam
1484 1423 1643 1490 antequam
1664 1418 1749 1474 liant.
1767 1418 1803 1474 st

97 1511 168 1566 dum
179 1508 404 1581 adsequosdam
414 1507 504 1564 etiam
515 1507 544 1563 in
556 1507 710 1580 iniquitate
716 1512 920 1580 permanentes
973 1509 1088 1582 reprobi
1104 1508 1240 1582 presciti,
1253 1525 1309 1564 non
1326 1511 1424 1564 autem
1440 1505 1651 1580 predestinati,
1667 1523 1685 1562 a
1696 1510 1753 1562 Deo
1765 1506 1802 1562 ad

97 1598 236 1665 admittit,
263 1601 367 1670 preter
395 1596 471 1652 banc
500 1596 720 1659 multitudinem
748 1614 811 1670 que
841 1600 922 1653 extra
974 1615 1090 1671 pienum
1107 1601 1186 1667 sunt,
1204 1597 1274 1671 quia
1295 1596 1434 1670 nonipso
1459 1600 1586 1665 auctore,
1600 1595 1652 1652 sed
1669 1594 1801 1668 exigente

97 1686 257 1745 electorum
285 1703 442 1742 numerum
469 1687 559 1759 jacet.
576 1687 641 1743 »Ut
669 1686 756 1759 paulo
785 1685 921 1759 superius
972 1685 1197 1758 iniquitate,vel
1213 1685 1391 1758 paternavel
1407 1684 1669 1758 propria‚pereunt
1685 1684 1802 1753 justos

98 1776 167 1850 (cap.
183 1775 286 1844 eaden>
299 1792 305 1830 ι
323 1799 337 1826 «
353 1775 521 1832 Notandum
534 1792 600 1831 vero
614 1779 667 1843 est,
684 1776 753 1848 quia
768 1776 839 1831 dum
855 1774 920 1832 aliis
935 1807 959 1872 B
975 1775 1033 1831 Deo
1044 1773 1135 1830 relicti
1143 1775 1256 1846 judicio
1268 1792 1275 1831 τ
1288 1774 1364 1831 sicut
1374 1772 1500 1847 presciti
1512 1771 1600 1828 simul
1611 1775 1641 1845 et
1652 1770 1801 1845 predesti-

98 1865 281 1932 cadontibus,
298 1865 334 1920 ad
351 1865 489 1920 standum
503 1864 552 1920 alii
579 1863 705 1920 solidare
720 1865 919 1937 perhibentur,
975 1863 1036 1919 nati
1051 1863 1115 1936 ipso
1130 1868 1248 1919 auctore
1264 1861 1416 1919 salvantur
1429 1861 1529 1933 gratie
1553 1861 1640 1927 dono,
1657 1859 1799 1932 quoniam

99 1953 258 2010 electorum
274 1970 415 2009 numerus
435 1957 533 2009 certus
548 1953 722 2010 ostenditur.
736 1954 818 2011 Unde
832 1955 921 2010 etiam
976 1952 1176 2009 misericordia
1200 1954 1264 2026 ejus
1288 1951 1426 2024 prevenit
1450 1967 1512 2018 uos,
1529 1955 1559 2006 ut
1574 1950 1648 2006 bene
1661 1949 1798 2016 velimus,

100 2040 307 2115 philadelphie
331 2040 465 2098 Ecclesiae
481 2059 532 2114 per
547 2041 684 2115 angelum
701 2042 922 2100 diciturtTrac
976 2043 1093 2113 adjutor
1121 2042 1151 2097 in
1180 2040 1447 2115 opportunitatibus
1474 2039 1503 2094 in
1533 2037 1732 2105 tribulatione,
1752 2037 1798 2093 cui

99 2131 177 2205 quod
191 2133 286 2198 dates,
302 2148 337 2187 ne
352 2130 434 2186 otius
454 2131 580 2201 accipiat
602 2148 738 2187 aaronem
752 2138 847 2188 turrrn.
863 2132 923 2188 Hae
976 2130 1113 2195 dicimus,
1128 2129 1241 2202 Adjutor
1254 2147 1341 2196 sucus,
1357 2129 1409 2185 titt
1420 2128 1549 2201 petiliani,
1565 2132 1603 2196 et,
1620 2125 1726 2201 Adjuua
1741 2143 1802 2192 nas,

61 2270 66 2279 .
99 2235 168 2293 ergo
180 2219 334 2287 sententia,
344 2237 402 2292 qua
412 2225 557 2288 narratur,
570 2219 693 2275 aliorum
704 2219 786 2294 erigi,
798 2219 922 2277 aliorum
977 2220 1047 2276 Deus
1060 2220 1191 2275 salutaris
1205 2227 1305 2276 noster.
1317 2219 1443 2289 adjuvat
1456 2235 1509 2274 nos
1519 2222 1549 2273 ut
1558 2217 1630 2273 bene
1640 2215 1801 2289 possimus,

100 2313 199 2366 autem
209 2308 268 2364 vita
278 2309 355 2365 bona
369 2307 597 2381 confringi,spes
608 2307 738 2364 nutritur
752 2308 922 2377 humilium,
977 2307 1281 2381 etmiserieordiaejus
1291 2304 1802 2381 subsequeturnosomnibusdicbus

100 2396 187 2453 elatio
198 2397 341 2470 premitur
351 2397 925 2469 superborum,dumetillibonapossunt
976 2397 1164 2463 vitenostre,
1177 2403 1210 2453 ut
1219 2397 1248 2453 in
1258 2398 1334 2454 bono
1342 2394 1804 2471 perseveremus,etipsecoronat

101 2485 233 2543 amittere
249 2486 284 2542 dc
299 2486 408 2558 quibus
423 2486 605 2560 superbiunt,
621 2489 650 2542 et
665 2486 713 2543 isti
729 2503 763 2542 ea
779 2485 926 2559 percipere
978 2503 1032 2542 nos
1047 2485 1076 2541 in
1092 2485 1291 2543 misericordia
1305 2491 1335 2542 et
1349 2483 1598 2554 miserationibus,
1610 2483 1660 2555 qui
1673 2482 1763 2539 satiat
1773 2482 1803 2539 in

103 2592 168 2648 que
184 2575 254 2647 quia
278 2591 336 2631 non
365 2574 492 2631 habeant
519 2579 757 2631 contemnuntur.
774 2596 788 2626 n
804 2575 925 2631 etitem
978 2574 1062 2632 bonis
1077 2574 1255 2633 desiderium
1271 2578 1415 2631 nostrum.
1433 2573 1614 2631 Satiabimur
1638 2573 1718 2629 enim
1735 2590 1804 2630 cum

102 2663 487 2737 aliquandosuperius(cap.
504 2663 531 2735 7)
548 2679 554 2719 :
573 2684 587 2714 ι(
601 2663 633 2719 ln
649 2663 702 2720 hoe
718 2679 785 2737 ergo
802 2667 925 2736 utroque
979 2664 1216 2721 manifestabitur
1227 2663 1404 2737 gloriaejus.
1416 2662 1467 2719 Hie
1478 2661 1805 2734 doctormagnificusin

102 2769 207 2825 genere
222 2751 376 2809 hominum
388 2769 462 2824 sepe
477 2752 629 2826 contingit,
641 2757 674 2809 ut
684 2757 712 2808 et
726 2752 776 2825 qui
791 2752 926 2808 videntur
978 2752 1053 2810 libro
1069 2752 1224 2817 Moralium
1248 2752 1399 2825 trigesimo
1414 2756 1518 2824 quarto
1535 2753 1604 2824 (cup.
1622 2752 1667 2820 13)
1681 2752 1804 2806 demon-

102 2842 400 2914 inbumanojudicio
429 2846 516 2910 stare,
530 2843 593 2914 jam
609 2842 637 2898 in
654 2846 810 2916 conspectu
826 2841 924 2899 eterni
979 2847 1036 2899 trat
1065 2841 1187 2898 dicam:
1218 2843 1382 2898 «Fortasse
1412 2841 1580 2913 quempiam
1606 2843 1721 2895 inoveat
1752 2856 1806 2897 cur

99 2930 211 3002 judicis
221 2932 349 3003 jaceant,
365 2936 393 2987 et
414 2931 463 3004 qui
489 2948 567 2987 nunc
584 2948 682 2988 coram
698 2931 867 2987 hominibus
878 2932 924 3004 jo·
980 2932 1145 2988 misericors
1167 2932 1244 2987 Deus
1267 2931 1329 2987 fieri
1353 2930 1394 2986 ita
1420 2930 1579 3002 permittat,
1596 2933 1629 2986 ut
1644 2927 1805 2986 Leviatban

104 3025 198 3087 ceant,
216 3020 246 3075 in
262 3025 420 3093 conspectu
436 3020 536 3077 eterni
547 3021 659 3092 judicis
672 3019 833 3086 stent.0uis
846 3020 925 3075 enim
978 3019 1044 3092 iste,
1061 3038 1112 3077 seu
1127 3037 1205 3076 nnuc
1221 3037 1273 3092 per
1285 3019 1488 3093 suggestiones
1508 3018 1639 3087 callidas,
1657 3019 1717 3074 sive
1733 3022 1806 3074 tunc

101 3107 409 3166 hominumestimare
420 3109 566 3183 potuisset
577 3109 925 3181 Judamuivendisortom
979 3126 1031 3182 per
1045 3110 1218 3165 damnatum
1247 3107 1331 3164 illum
1355 3124 1443 3180 quem
1468 3107 1559 3179 replet
1579 3105 1807 3174 bominem,ve1

101 3204 166 3271 post
177 3197 373 3255 ministerium
385 3198 567 3271 apostolatus
583 3197 725 3265 amittere,
738 3201 766 3253 et
780 3197 922 3254 latronem
938 3178 960 3245 C
979 3198 1051 3254 solis
1060 3197 1115 3254 sibi
1125 3199 1233 3265 radios,
1246 3197 1274 3253 id
1286 3202 1331 3253 est
1340 3197 1441 3253 doctos
1451 3213 1584 3269 quosque
1595 3196 1807 3268 sapientesque

101 3290 208 3341 eterna
219 3286 339 3358 premia
348 3285 379 3342 iu
388 3285 512 3343 articulo
523 3286 625 3342 mortis
634 3284 925 3342 invenireloccultus
979 3286 1127 3358 subjiciat,
1139 3286 1182 3342 vel
1194 3303 1311 3352 aurum,
1322 3285 1377 3341 hcc
1387 3288 1432 3341 est
1441 3285 1517 3340 viros
1533 3284 1699 3340 sanctitatis
1714 3282 1807 3341 clari·

101 3377 200 3428 autem
233 3372 335 3444 judex,
366 3373 525 3445 presidens
554 3377 583 3430 ct
610 3378 801 3446 utrorumque
838 3374 926 3431 corda
980 3380 1039 3431 tate
1055 3373 1403 3449 fulgentesquusilutum
1419 3372 1476 3430 sibi
1490 3372 1571 3430 vitiis
1585 3372 1807 3445 coinquinando

103 3458 283 3528 discernens,
314 3459 439 3517 alterum
475 3461 521 3535 pie
550 3462 663 3530 statuit,
694 3461 819 3520 alterum
845 3464 926 3535 juste
980 3464 1157 3520 substernat.
1170 3464 1226 3519 Sed
1247 3461 1332 3519 citius
1347 3462 1537 3535 respondens,
1551 3461 1629 3534 quod
1641 3461 1692 3534 qui
1706 3461 1807 3535 pravis

103 3549 255 3623 conlregit,
281 3549 365 3605 illum
394 3550 526 3606 districte
553 3550 681 3607 exterius
704 3550 821 3624 repulit,
846 3551 926 3609 hunc
979 3554 1044 3624 ejus
1059 3551 1299 3626 persuasionibus
1320 3551 1403 3623 quasi
1428 3549 1523 3606 lutum
1548 3549 1637 3606 sterni
1664 3550 1805 3623 potuerit,

102 3636 280 3696 intrinsecus
290 3637 518 3697 misericorditer
532 3640 630 3696 traxit.
647 3661 661 3692 n
674 3641 709 3696 st
723 3641 793 3697 item
809 3641 838 3697 in
850 3640 926 3700 libro
979 3659 1085 3700 aurum
1106 3645 1173 3698 ante
1197 3641 1246 3697 Uei
1269 3640 1369 3696 oculos
1392 3656 1544 3712 nunquam
1571 3639 1637 3696 luit.
1654 3639 1709 3706 Qui
1725 3639 1807 3696 enim

102 3727 243 3800 vigesimo
269 3745 345 3784 nono
369 3731 440 3799 (cap.
457 3728 513 3796 15),
528 3727 638 3785 Iudicia
650 3736 697 3785 tna
710 3729 825 3802 abyssus
839 3731 926 3788 multa
980 3729 1326 3803 aeduciquandoquenon
1336 3727 1478 3784 reversuri
1487 3728 1710 3801 possunt,quasi
1720 3727 1806 3784 babi-

102 3816 189 3884 (l’sal.
200 3833 283 3883 xxxv,
294 3818 334 3885 7).
352 3839 365 3866 ι(
373 3815 463 3871 Nemo
474 3833 542 3889 ergo
555 3817 731 3889 perscrutari
741 3822 860 3891 appetat
873 3835 927 3876 eur
979 3824 1039 3876 tam
1065 3818 1250 3874 sanctitatem
1275 3823 1342 3874 ante
1366 3817 1467 3874 oculos
1490 3815 1643 3873 hominum
1668 3817 1808 3874 videntur

102 3919 169 3957 cum
194 3902 270 3958 alius
294 3903 453 3976 repellitur,
468 3904 545 3961 alius
571 3905 705 3978 eligatur,
723 3906 765 3963 vel
790 3924 923 3965 curcum
980 3906 1122 3970 amittere,
1132 3905 1182 3961 sed
1193 3921 1257 3959 eant
1269 3909 1337 3961 ante
1348 3904 1399 3960 Dei
1414 3903 1514 3961 oeulos
1527 3922 1680 3977 nunquam
1697 3905 1808 3961 habue-

102 3991 562 4069 aliuseligituraliusrepellatur,
573 3995 925 4070 quiasuperficiesahyssi
979 3998 1057 4050 runt.
1075 3995 1156 4067 Sepe
1170 4011 1297 4066 namque
1321 3993 1409 4048 borno
1430 3992 1533 4049 multis
1548 3992 1660 4049 occulte
1676 3994 1806 4067 peccatis

102 4082 323 4157 constringitur,
335 4087 363 4140 et
372 4088 529 4142 attestante
541 4084 639 4152 Panlo,
653 4087 847 4143 incrustabilia
861 4094 927 4144 sunt
978 4081 1144 4149 involvitur,
1157 4081 1223 4138 etin
1237 4100 1294 4139 uria
1306 4082 1405 4154 aliqua
1415 4081 1521 4138 virtute
1536 4098 1663 4154 magnus
1678 4082 1804 4152 videtur,

97 4171 206 4245 judicia
214 4175 283 4246 ejus,
294 4181 320 4229 et
329 4174 530 4247 irtacstiqabiles
541 4175 594 4232 uie
603 4175 671 4246 ejus.
681 4197 694 4223 a
709 4178 803 4243 (dom.
820 4193 851 4237 u.
867 4177 925 4246 33.)
979 4189 1043 4245 quae
1054 4172 1118 4244 ipsa
1128 4187 1245 4244 quoque
1256 4171 1349 4227 virtus
1360 4170 1528 4227 inaniscens
1538 4171 1722 4244 dedcit,quia
1732 4171 1804 4228 dum

102 4260 174 4318 ltom
185 4261 262 4318 idem
273 4261 303 4318 in
315 4261 390 4322 libro
399 4261 539 4335 vigesimo
550 4264 824 4337 nonoaoaeodcm)
836 4265 906 4320 dicit
916 4282 923 4322 :
979 4258 1424 4330 innotescithominibus,proeul
1432 4257 1806 4332 dubiolandatur‚ejusque

102 4371 116 4399 «
132 4349 285 4419 Dominus,
302 4350 448 4423 inquiens,
460 4352 502 4408 ait
513 4368 519 4406 :
532 4351 634 4409 delum
647 4353 719 4408 milri
729 4351 803 4409 sedes
815 4357 924 4421 est;et,
978 4346 1044 4404 laus
1060 4346 1207 4404 inhianter
1218 4347 1375 4419 appetitur.
1393 4347 1474 4403 Unde
1491 4347 1524 4402 fit
1538 4352 1571 4402 ut
1585 4351 1614 4402 et
1629 4346 1694 4420 ipsa
1711 4349 1806 4404 virtus

101 4436 200 4492 Artivna
210 4439 282 4509 justi
295 4439 369 4496 sedes
392 4442 544 4513 sapientia.
561 4440 672 4498 Coelnm
700 4441 802 4513 utique
826 4440 926 4497 anima
979 4442 1046 4493 ante
1063 4436 1111 4492 Uei
1127 4434 1226 4492 oculos
1242 4436 1335 4504 virtus
1352 4452 1408 4492 non
1424 4435 1473 4501 sit,
1489 4436 1560 4492 dum
1578 4435 1805 4510 absconditque

99 4523 1124 4611 justi,crelumtuitdbrabarn.Cumenimdelibrabampdisplicet,
1155 4525 1251 4597 prodit
1276 4542 1334 4597 quo
1365 4524 1468 4597 placet.
1487 4547 1501 4574 n
1526 4526 1561 4580 Et
1589 4529 1655 4597 post
1684 4542 1804 4598 pauca:

103 4612 399 4684 natusestCaiplrus,
416 4615 486 4687 quid
515 4615 595 4673 aliud
625 4618 680 4675 nisi
710 4617 777 4691 gelu
800 4616 922 4674 dccoelo
977 4637 992 4666 a
1009 4614 1062 4670 eat
1085 4630 1153 4686 ergo
1181 4613 1339 4669 Levlulhtlss
1368 4612 1435 4681 5⁸10,
1462 4617 1491 4668 el
1519 4611 1590 4668 ⁸⁰¹5ss
1619 4612 1677 4668 fllbl
1705 4615 1806 4670 radim

102 4698 339 4770 processit‘lOuod
348 4703 779 4775 tamcngeluidcircoborninus
785 4706 923 4779 genuisse
976 4703 1094 4768 subdat,
1109 4706 1196 4775 atque
1207 4719 1311 4758 aurum
1323 4700 1375 4758 luti
1389 4717 1469 4758 more
1480 4701 1628 4774 subjiciat.
1640 4701 1702 4758 Scit
1712 4703 1806 4759 omni-

102 4803 133 4843 se
148 4786 229 4854 dicit,
246 4787 315 4859 qnia
338 4788 354 4844 J
359 4789 455 4846 adeor
479 4808 552 4863 quos
568 4793 739 4851 naturaliter
754 4794 816 4868 ipse
830 4796 923 4852 bonos
976 4794 1079 4864 potens
1089 4792 1166 4848 Deus
1176 4791 1213 4847 ad
1224 4790 1381 4847 electorum
1393 4807 1514 4847 suorum
1526 4788 1665 4846 solatium
1677 4790 1805 4847 beneuti

101 4875 240 4943 condidit,
249 4876 449 4947 justojudieio
460 4895 511 4950 per
524 4896 626 4936 corum
642 4882 785 4938 malitiam
801 4883 922 4956 frigidos
977 4879 1054 4936 malo
1064 4878 1421 4953 reproborum‚qunndobi
1430 4878 1480 4951 qui
1493 4879 1528 4934 ad
1541 4877 1624 4934 illum
1634 4879 1806 4950 perventuri

101 4964 253 5022 aseexire
282 4964 424 5036 permisit.
441 4966 584 5024 Dominus
611 4970 689 5026 enim
719 4972 852 5027 conditor
879 4975 924 5029 cst
976 4974 1055 5036 sunt,
1072 4973 1101 5025 ot
1115 4969 1178 5025 suis
1193 4970 1229 5024 ad
1245 4985 1312 5024 eum
1327 4967 1438 5024 meritis
1454 4967 1620 5040 proficiunt,
1637 4971 1666 5023 et
1681 4984 1760 5041 saepe
1775 4969 1805 5024 in

101 5059 222 5120 nature,
235 5070 292 5110 non
303 5051 591 5128 culpe.tlonuitergo
604 5058 920 5129 creandonaturaliter,
977 5075 1010 5114 eo
1021 5060 1098 5131 quod
1113 5058 1237 5130 superbe
1254 5057 1373 5129 sapiunt
1387 5056 1491 5114 alienis
1506 5056 1638 5128 lapsibus
1654 5057 1807 5132 corrigun-

101 5161 175 5216 qnos
188 5142 304 5216 iniquos
316 5140 449 5215 permisit
461 5141 612 5199 tolerando
628 5145 720 5202 vivere
735 5147 889 5218 patienter.
908 5171 921 5199 n
976 5150 1034 5202 tur.
1053 5169 1066 5196 »
1078 5148 1114 5202 Et
1128 5146 1198 5218 quia
1219 5146 1350 5218 reprobis
1370 5163 1465 5218 pena,
1482 5145 1583 5203 electis
1598 5150 1697 5201 autem
1714 5164 1732 5202 a
1747 5147 1806 5204 Dee

101 5237 129 5287 et
141 5232 209 5287 item
221 5231 360 5288 ineodcm
373 5230 527 5304 libro(cup.
540 5230 601 5299 ¹9)ss
619 5255 633 5282 a
645 5231 717 5290 Hinc
734 5234 840 5291 Paulus
856 5235 897 5291 ait
913 5253 920 5292 :
976 5238 1083 5291 eterna
1097 5235 1156 5290 vita
1175 5238 1220 5290 est
1244 5239 1415 5306 preparata,
1432 5234 1519 5308 paulo
1549 5239 1616 5307 post
1643 5236 1781 5307 sequitur
1797 5254 1804 5293 :

100 5321 137 5377 Eo
150 5320 219 5393 quad
242 5321 403 5376 claritatem
426 5321 546 5376 ueritatis
566 5336 622 5376 uon
637 5330 794 5393 receperunt
807 5331 837 5378 at
850 5324 923 5380 salui
976 5345 990 5373 κ
1004 5323 1056 5378 Per
1065 5323 1166 5380 semoti
1172 5339 1254 5394 psam
1272 5339 1397 5395 namque
1413 5324 1528 5380 Veritas
1539 5324 1611 5379 dicit
1622 5340 1628 5378 ε
1641 5323 1724 5381 lduut
1734 5325 1765 5380 lu*
1776 5326 1808 5381 in

99 5409 204 5479 ficrert,
222 5409 281 5466 ideo
293 5412 380 5466 mittet
394 5410 452 5466 illis
471 5414 542 5464 Ueus
569 5412 750 5480 operationem
776 5414 877 5469 erroris
894 5421 923 5470 ut
974 5413 1141 5484 supplicium
1155 5421 1300 5482 aeternum,
1309 5412 1381 5484 justi
1399 5421 1491 5468 uatem
1507 5415 1537 5468 in
1560 5414 1644 5468 ritum
1668 5421 1807 5470 (auruum

101 5496 211 5552 crerlant
236 5498 386 5565 treudacio,
416 5507 446 5555 ut
474 5497 634 5571 judicentur
670 5515 761 5555 omnes
789 5503 839 5573 qui
866 5517 922 5558 nen
975 5501 1077 5570 (daut.
1094 5500 1169 5572 xxv).
1184 5523 1197 5548 a
1219 5501 1252 5555 Ut
1273 5500 1340 5557 item
1352 5506 1522 5574 postpauca
1534 5503 1603 5574 (cap.
1618 5503 1662 5570 ld)
1676 5503 1804 5574 subjmi·

100 5582 213 5641 credam
225 5589 341 5654 certant,
354 5586 400 5643 sed
422 5595 615 5644 concameraret
636 5588 787 5660 iniquitati.
804 5590 921 5660 Nequa-
974 5589 1017 5676 git
1029 5605 1035 5642 :
1049 5611 1063 5640 u
1073 5591 1118 5657 At,
1131 5589 1279 5661 inquiunt,
1292 5590 1354 5647 sine
1366 5592 1422 5647 tine
1435 5591 1531 5664 puniri
1543 5608 1600 5648 nou
1612 5590 1699 5648 debet
1715 5590 1805 5664 culpa
