3810 6098
370 278 672 342 cououebrortus
695 280 837 342 liboae.
854 313 892 327 -
907 281 931 341 Ι.
955 283 1098 347 cauom
1121 285 1248 348 ceuvl.
1598 290 1661 355 806

78 411 368 479 debltaobedientia,
385 415 472 484 atque
488 412 667 484 adjutorium
683 413 719 469 ad
734 430 778 469 ro-
794 415 820 481 Α
835 430 900 469 cam
915 413 975 470 Noe
1003 414 1218 488 significantem
1245 419 1379 476 Ecclesiae
1408 422 1550 480 unitatem
1577 423 1658 482 nullo

77 499 137 557 nibi
153 517 171 556 a
185 500 244 555 Deo
260 501 334 556 m
350 501 452 556 datum
467 499 677 557 continendum
692 506 720 558 et
735 502 782 558 dc·
837 507 957 576 cogente
970 511 1169 562 convenerunt
1184 523 1191 561 :
1208 507 1277 579 quia
1293 513 1398 564 sanctae
1415 513 1561 569 memorie
1577 518 1660 586 peter

77 600 132 647 tam
142 589 179 645 eb
190 605 364 661 unoquoque
374 598 502 645 vestrum
515 591 676 646 secundum
692 607 780 647 suurn
836 593 1048 662 saus,domnas
1063 595 1227 650 Ludovicus
1243 596 1311 651 Pius
1328 596 1485 669 imperator
1497 603 1657 675 Augustus,

76 677 308 750 aetdignitatem
320 682 407 750 atque
418 677 640 750 possibilitatem
653 679 780 735 milriex·
835 698 869 736 ea
886 682 1021 754 progenie
1038 684 1174 739 Ludavici
1191 685 1268 757 regis
1285 686 1461 742 Francorum
1477 688 1588 763 inclyti,
1605 708 1657 764 per

77 782 104 833 r,
120 764 198 822 sicat
210 766 298 820 vestri
314 770 511 823 antecessores
527 767 783 839 fidelitcrpustcet
836 770 913 826 beati
924 771 1046 844 Remigii
1056 776 1231 829 Francorum
1243 773 1364 846 apostoli
1376 776 1550 834 catholicam
1556 781 1657 852 predi-

76 853 173 911 biliter
187 854 260 910 meis
274 855 509 911 antecessoribus
524 856 727 912 exhibuerunt.
836 858 980 916 cretionem
993 876 1061 916 cum
1074 861 1187 935 integre
1197 866 1283 935 gente
1297 864 1439 931 conversi,
1450 869 1478 921 et
1487 882 1555 923 eum
1565 868 1660 927 tribus

838 948 1466 1025 ancorummillibus,exceptisparvuliset
1476 954 1661 1026 mulieribus,

836 1036 936 1110 vigilia
950 1038 1044 1095 sancti
1059 1038 1176 1095 Paschae
1187 1039 1216 1094 in
1228 1039 1384 1098 Rhemeasi
1402 1043 1554 1116 metropoli
1571 1045 1662 1118 bapti·

838 1125 904 1191 zati,
920 1130 950 1181 et
962 1125 1077 1182 caelitus
1094 1132 1213 1201 sumpto
1227 1127 1395 1199 chrismate,
1412 1133 1490 1189 unde
1504 1133 1601 1190 adhue
1613 1134 1663 1191 be·

78 1211 102 1267 1.
117 1211 158 1267 No
169 1210 254 1265 elicui
272 1212 344 1266 lerte
359 1210 492 1267 videatur
503 1213 661 1286 incongrue
672 1230 783 1286 acpre·
838 1215 952 1280 tremus,
968 1216 1101 1287 peruncti
1121 1221 1150 1271 et
1174 1217 1203 1271 in
1226 1233 1324 1289 regem
1347 1220 1465 1288 sacrati,
1479 1226 1596 1278 exortus
1611 1238 1664 1296 per

76 1315 122 1358 m
141 1316 188 1356 me
203 1317 237 1356 ac
251 1300 405 1372 provincie
422 1305 528 1356 nostras
541 1302 721 1359 venerabiies
736 1320 784 1360 co·
838 1304 958 1359 beatam
967 1303 1410 1377 llrnullum,cajusearneidem
1422 1309 1662 1386 Ludovicuspiue

76 1405 113 1446 oa
127 1389 230 1454 iecere,
242 1388 381 1461 quoniam
392 1390 428 1445 de
444 1393 533 1446 altera
548 1391 697 1463 provincia
710 1393 785 1449 ordi·
837 1395 990 1465 Augustus
999 1393 1143 1465 originem
1155 1394 1238 1451 duxit
1247 1395 1413 1462 camiseis
1428 1398 1576 1472 Stephano
1586 1418 1663 1475 pape

82 1482 112 1535 ct
124 1477 222 1534 causis
236 1477 486 1550 hujuspraviacire
502 1495 555 1534 nos
571 1480 783 1551 immiscemus,
839 1481 1048 1538 Romanoaate
1058 1486 1164 1537 sancte
1175 1483 1225 1538 Dei
1240 1483 1389 1557 genitricis
1403 1490 1433 1542 et
1447 1502 1564 1561 semper
1571 1488 1664 1563 Virgi-

76 1583 96 1624 e
106 1569 208 1623 contre
218 1583 344 1623 canones
354 1584 453 1623 sacras
469 1584 526 1622 noa
541 1570 784 1641 agere,quoniam
839 1570 886 1626 nis
896 1570 993 1626 Maria
1003 1570 1105 1638 altare,
1117 1570 1220 1628 Ithemi
1232 1572 1260 1627 in
1272 1571 1477 1647 imperatorem
1487 1581 1533 1632 est
1545 1592 1664 1635 corona·

76 1656 136 1714 usis
151 1661 180 1712 et
195 1655 375 1712 Trevirensis
400 1656 533 1713 Ecclesiae
548 1657 578 1713 in
594 1657 650 1714 bec
669 1659 785 1732 regione
840 1662 930 1727 tus,et
940 1659 1059 1715 demum
1070 1660 1403 1733 lectionequorumdam
1415 1668 1530 1721 terreno
1539 1664 1663 1738 imperio

77 1762 172 1814 ,cum
195 1745 251 1801 sibi
277 1745 443 1801 commissis
464 1745 612 1814 Ecclesiis,
628 1764 742 1803 sorores
756 1752 786 1805 et
840 1747 1043 1815 destitutus,ia
1060 1748 1227 1820 predictam
1243 1750 1324 1824 regni
1340 1753 1663 1823 partem,auenimitate

76 1833 220 1891 irinciales
229 1833 385 1900 habentur,
397 1833 473 1890 sicut
483 1835 643 1892 auctoritas
653 1836 786 1893 ecclesia·
840 1836 1043 1909 episcoporum
1054 1840 1084 1892 et
1096 1836 1191 1893 tidelis
1202 1837 1384 1910 populi,ante
1394 1839 1562 1913 sepulerum
1569 1841 1663 1899 saactl
1733 1842 1740 1853 ’

76 1922 301 1995 ,antiquissime
324 1924 508 1979 demonstrat
529 1924 711 1981 consuetudo
728 1943 735 1982 :
752 1943 786 1982 ac
840 1923 969 1998 Dionysii
980 1925 1078 1980 eximii
1090 1926 1226 1999 martyris
1242 1926 1375 1983 Ecclesia
1387 1933 1495 1985 sanctie
1506 1935 1551 1987 est
1566 1930 1662 1988 reddi·

76 2013 222 2069 runanimi
234 2030 378 2069 consensu
391 2018 420 2068 et
430 2013 582 2086 synodalia
587 2013 700 2085 judicie
710 2031 787 2071 exer·
840 2017 898 2081 tus,
911 2018 939 2068 ct
950 2013 979 2069 in
998 2012 1054 2069 bac
1064 2015 1162 2075 dorna.
1173 2019 1242 2070 ante
1257 2014 1349 2072 altare
1363 2019 1586 2092 protomartyris
1600 2021 1663 2077 ste-

76 2116 167 2175 tque
187 2119 204 2158 a
222 2102 333 2158 sanctis
359 2101 494 2158 Patribus
520 2102 679 2158 constituta
704 2108 785 2175 suat,
841 2099 1147 2173 phani,cujusnomea
1159 2100 1662 2179 interpretetumrcsonatcoreaatru,

84 2190 266 2247 concorditer
285 2189 442 2255 custodire,
459 2190 514 2246 hac
529 2190 670 2264 privilegii
686 2192 786 2247 coadi-
841 2205 893 2260 per
906 2188 1022 2245 Domini
1037 2189 1202 2246 sacerdotes
1216 2191 1426 2249 acclamatione
1441 2193 1537 2251 tidelis
1551 2196 1663 2269 populi,

75 2278 357 2351 irratautquiprior
366 2279 401 2334 de
414 2278 572 2335 Rhcmansi
583 2283 611 2335 et
623 2279 786 2337 Trevirensi
841 2277 918 2332 sicut
927 2277 1054 2333 vidimus
1065 2277 1114 2350 qui
1126 2278 1396 2347 adfuimus,corona
1406 2283 1664 2356 regniestimperio

75 2366 107 2424 ds
122 2367 210 2424 luerit
225 2368 388 2437 ordinatus,
401 2367 480 2439 prior
494 2368 582 2424 etiam
597 2367 749 2425 habeatnr.
841 2365 1007 2421 restitutus.
1023 2365 1058 2420 Et
1072 2364 1151 2437 quia,
1169 2370 1202 2421 at
1216 2367 1246 2421 in
1264 2368 1356 2424 sacris
1371 2368 1504 2426 historiis
1527 2371 1663 2446 legimus,

77 2455 785 2529 lilltlexdivinitusinspiratapracipitdieens:
842 2455 1665 2536 regesquandoregneobtinueruntsingulorumregno-

75 2544 150 2602 lieris
177 2562 226 2617 per
251 2561 366 2600 messem
391 2546 475 2600 eremi
489 2547 532 2600 tui
543 2546 674 2618 colligens
686 2548 785 2618 apices,
842 2558 907 2596 rurn
920 2540 977 2597 sibi
992 2541 1158 2598 diademata
1173 2544 1386 2617 imposuerunt,
1398 2564 1456 2603 aon
1470 2548 1664 2623 incongruum

75 2634 239 2705 confricabis
263 2634 298 2689 ad
321 2633 552 2701 mendacemiam,
569 2634 672 2690 falcem
689 2639 787 2691 autern
841 2629 1031 2687 videturistis
1041 2632 1257 2688 venerabilibus
1271 2634 1427 2708 episcopis,
1440 2636 1466 2691 si
1479 2641 1582 2694 vestre
1591 2656 1666 2696 uua-

78 2726 149 2792 tm,
164 2723 208 2779 vel
234 2724 304 2794 falce
331 2739 387 2778 nen
413 2731 499 2779 ιηιιιιι
526 2727 619 2792 (Deae,
634 2741 714 2790 ιιιιιιι,
729 2723 786 2796 25).
842 2717 969 2773 niaritati
994 2717 1146 2791 piacet,ut
1169 2719 1199 2775 in
1224 2721 1343 2777 obtentu
1364 2724 1456 2796 regni,
1473 2725 1665 2784 undevosad

76 2815 124 2871 ιιι
133 2810 270 2884 populus,
283 2815 315 2867 ut
329 2812 471 2867 Dominus
487 2816 631 2867 monstrat
646 2811 676 2866 in
692 2813 787 2868 Evan-
841 2804 925 2860 illurn
945 2811 1049 2880 sponte
1073 2808 1261 2876 convenistis,
1277 2813 1306 2865 ct
1318 2826 1369 2866 vas
1384 2810 1410 2866 ei
1424 2815 1664 2886 commendastis,

75 2898 161 2957 icens
173 2919 180 2957 :
192 2900 283 2956 dicacis
297 2899 406 2972 quiden
416 2908 455 2957 est
464 2900 687 2972 meiia,opernrii
697 2910 789 2956 aetem
842 2894 1015 2951 sacerdotali
1031 2895 1193 2951 ministerio
1208 2902 1275 2952 anto
1289 2897 1381 2954 altere
1391 2898 1446 2956 boe
1460 2906 1626 2974 coronetur,
1636 2909 1666 2961 et

75 2988 168 3063 napea
194 2989 336 3045 dominam
360 2991 512 3054 masana
537 2991 628 3046 mium
650 2991 788 3063 operarios
842 2999 925 3039 sacra
938 2983 1075 3039 unctione
1090 2984 1213 3040 Domino
1235 2990 1429 3044 consecretur.
1446 2990 1528 3055 Quod
1544 2990 1568 3047 si
1582 2991 1665 3049 vobis

75 3094 138 3137 m
161 3095 240 3134 mam
261 3077 363 3150 (ilaue,
381 3095 419 3144 ιι,
435 3079 480 3146 37,
495 3078 541 3151 38)
557 3095 564 3134 ;
582 3079 652 3151 quia
670 3095 721 3135 vos
736 3096 788 3152 pro
844 3072 939 3144 placet
949 3072 1205 3145 propriisvocibus
1215 3079 1382 3132 consonate.
1395 3077 1430 3132 ut
1439 3075 1469 3133 in
1480 3078 1535 3135 boe
1549 3079 1664 3137 concla-

75 3160 209 3242 rpiscopis
224 3166 336 3222 dcbctis
350 3172 483 3234 orere,ut
496 3167 580 3224 vobis
594 3167 681 3241 digne
697 3151 823 3240 passi-C
843 3161 993 3219 mantibus
1007 3163 1155 3230 omnibus,
1171 3162 1244 3218 dixit
1258 3163 1335 3221 idem
1350 3164 1519 3239 episcopus:
1536 3170 1665 3242 Agamus

75 3255 139 3330 qui.
157 3253 261 3312 Massia
290 3260 388 3311 autem
418 3255 504 3312 amici
533 3260 577 3312 est
603 3256 730 3330 populus
757 3257 788 3314 in
842 3250 1664 3325 ergounanimiterDeogratias,decaatantcs:'l'elleum

75 3344 115 3403 aia
125 3343 208 3402 alteri
224 3344 446 3417 metropolitano
461 3346 629 3403 commissa.
647 3346 728 3402 Unde
738 3363 788 3403 vos
843 3339 1009 3397 laudamus·

75 3434 120 3506 do,
135 3434 219 3507 quasi
239 3451 329 3490 manu
354 3435 450 3507 operis
476 3434 672 3503 confricando,
689 3436 725 3491 ad
738 3435 788 3490 Dei

75 3526 155 3590 item,
169 3528 198 3580 et
212 3528 338 3580 vestram
356 3523 481 3580 salutem
497 3523 526 3578 ia
540 3540 646 3596 corpus
666 3523 788 3579 unitatis

75 3629 100 3669 ο
108 3612 241 3670 valemus
250 3617 278 3669 et
289 3613 430 3669 debemus
442 3613 589 3683 trajicere:
600 3612 629 3667 in
641 3612 798 3685 parochie--

75 3704 132 3760 hm
147 3702 362 3775 provinciarum
383 3700 448 3756 aliis
463 3700 694 3774 metropolitanis
709 3718 788 3758 earn-
877 3697 1037 3753 Adventius
1051 3698 1207 3772 episcopus
1228 3700 1376 3757 Metensis.
1393 3702 1470 3760 Deus
1484 3705 1534 3777 qui
1551 3706 1668 3780 populis

74 3805 125 3847 am
139 3789 243 3846 falcem
254 3789 358 3862 judicii
374 3807 431 3846 non
449 3789 735 3863 mittimus,quianec
745 3795 790 3848 est
843 3785 1371 3861 tuisindulgentiaconsulisetamore
1381 3791 1668 3859 dominaris,dnbuic

74 3884 271 3937 mnostrum
287 3895 351 3936 esse
365 3879 596 3936 consideramus.
843 3874 954 3932 lamule
966 3880 1016 3932 tuo
1031 3876 1167 3948 spiritum
1182 3877 1398 3949 sapientiae,cui
1414 3880 1521 3938 dedisti
1536 3883 1667 3957 regimen

84 3967 199 4026 utust
214 3965 316 4024 etalio
340 3984 438 4035 causa,
455 3967 505 4040 qui
531 3968 579 4024 isti
608 3969 788 4027 venerabiles
843 3963 1006 4036 discipline
1022 3981 1028 4019 :
1047 3968 1079 4019 ut
1093 3964 1145 4020 tibi
1161 3968 1221 4021 toto
1241 3967 1327 4022 corde
1350 3968 1480 4031 devotus,
1496 3975 1525 4026 et
1540 3971 1570 4027 in
1585 3973 1667 4046 regni

74 4058 273 4114 etconlretres
284 4057 375 4112 nostri
386 4057 540 4129 provincia
552 4057 638 4114 istius
647 4057 788 4131 episcopi,
843 4051 985 4125 regimine
995 4056 1112 4110 maneat
1121 4069 1238 4126 semper
1248 4053 1382 4125 idoneus,
1394 4061 1424 4114 et
1433 4057 1463 4114 in
1474 4058 1559 4116 bonis
1569 4062 1667 4135 operi·

74 4145 179 4205 bentes
193 4145 450 4219 metropolitanum
464 4146 788 4219 episcopumexiguita.
843 4141 899 4196 bus
910 4154 1108 4213 perseverans,
1116 4142 1152 4197 ad
1163 4146 1304 4199 eternum
1316 4160 1439 4217 regnum
1452 4150 1480 4204 te
1490 4145 1670 4205 dueevaleat

74 4237 171 4292 stram
195 4234 238 4290 sic
261 4234 290 4288 ia
316 4234 389 4302 suis,
408 4234 484 4290 sicut
508 4235 586 4291 etin
611 4233 789 4308 specialibus
844 4229 1003 4302 pervenit&
1022 4229 1075 4284 Per
1089 4230 1257 4295 Ominum,
1271 4235 1327 4287 01⁰·

74 4323 194 4389 namne,
204 4339 258 4379 nes
267 4323 395 4379 fraterna
404 4323 544 4379 charitate
550 4323 658 4395 iubeat
668 4327 698 4380 et
706 4340 789 4380 eom·
881 4318 965 4373 llatto
974 4316 1178 4373 Virduaensls.
1189 4316 1293 4374 Gratice
1303 4320 1370 4387 tae,
1383 4321 1669 4392 quesumus,Domi·

74 4414 197 4485 tegere.
212 4411 263 4467 Est
278 4412 327 4479 ita,
354 4411 454 4467 domni
480 4414 583 4468 fratres
593 4412 607 4468 l
619 4413 653 4468 lit
668 4429 789 4485 respon·
844 4405 1668 4479 ne,huiciemulotuotribuelargitatemzutmendetatua

84 4498 142 4575 ipsi
155 4500 284 4574 episcopi
301 4517 307 4557 :
325 4500 367 4557 ita
381 4505 436 4556 est.
806 4521 828 4587 D
843 4500 872 4553 te
882 4499 1020 4568 operante
1035 4496 1184 4564 sectando,
1196 4494 1424 4552 consolationem
1440 4498 1667 4570 presentlsrite

84 4588 132 4647 lv.
150 4588 255 4645 Praeter
274 4606 317 4654 ee,
335 4605 398 4662 quaa
427 4588 555 4645 domnus
583 4589 737 4663 episcopus
760 4596 790 4647 et
843 4584 985 4657 percipiat
999 4588 1029 4640 ct
1043 4584 1157 4639 lutare.
1174 4583 1227 4639 Per
1240 4582 1409 4640 Dominum.

74 4681 168 4736 hoster
180 4678 339 4734 Adventius
362 4678 444 4734 robis
458 4694 493 4734 ex
508 4695 561 4734 sua
576 4683 605 4735 et
619 4683 789 4735 ceterorum
877 4671 1018 4729 hraullas
1033 4671 1190 4729 Tullensis.
1207 4672 1321 4728 Nostris
1337 4690 1518 4746 quesumus,
1534 4676 1668 4748 Domine,

74 4782 86 4824 s
113 4766 150 4822 'ac
175 4771 341 4822 nostrarum
371 4766 494 4820 fratrum
524 4768 552 4819 ct
580 4764 789 4822 venerabilium
844 4760 1123 4834 inregimineistins
1134 4759 1235 4816 famuli
1248 4759 1289 4816 tui
1302 4762 1460 4834 propitiare
1474 4767 1666 4840 temporibus,

74 4870 170 4911 rorum
192 4870 260 4910 voce
285 4854 368 4921 dixit,
386 4853 415 4908 in
444 4853 498 4908 hoc
524 4853 613 4908 ctiam
643 4853 790 4909 advertere
845 4855 877 4906 at
892 4856 942 4905 tuo
958 4866 1078 4905 munere
1094 4848 1247 4922 dirigatur,
1261 4855 1289 4905 et
1305 4855 1406 4907 nostra
1420 4855 1564 4912 securitas
1575 4859 1605 4911 et
1619 4855 1668 4911 de·

74 4942 290 5013 &voluntatem
307 4942 357 4997 Dei
373 4958 447 5009 esse,
465 4947 497 4996 ut
512 4957 640 5013 praesens
663 4941 790 4998 domnus
843 4939 920 4994 vatio
934 4937 1110 4993 Christiana.
1128 4936 1181 4993 Per
1195 4937 1363 4994 Dominum.

73 5035 181 5099 aester,
198 5029 248 5103 qui
274 5030 303 5085 in
322 5033 404 5102 parte
428 5030 520 5102 rcgni,
537 5046 625 5102 quam
647 5029 790 5086 hactonus
881 5027 956 5084 7Δῦ
968 5026 1279 5100 Franco'l'ungrensis.
1291 5027 1666 5101 Da,quoesumas,llomiae,

74 5119 205 5190 ttcuuit,
221 5124 250 5175 ct
266 5118 349 5174 nobis
366 5134 398 5172 nc
414 5117 544 5173 ecclesiis
563 5117 681 5185 nostris,
695 5122 724 5174 et
738 5135 788 5191 po·
844 5117 912 5172 huic
937 5115 1046 5172 lamule
1069 5120 1120 5172 tao
1148 5116 1274 5172 salutern
1302 5118 1409 5174 mentis
1424 5122 1452 5173 et
1466 5117 1595 5190 corporis
1610 5133 1619 5175 ι
1635 5121 1667 5174 ut

74 5207 272 5265 bicommisso
288 5205 398 5262 utiliter
409 5210 557 5279 preestac
569 5206 693 5279 prefuit,
704 5211 789 5263 etse·
843 5207 929 5262 bonis
949 5205 1088 5279 operibus
1107 5205 1285 5272 inherendo,
1302 5210 1353 5262 tua
1382 5221 1498 5278 semper
1521 5209 1667 5262 mereatur

74 5296 216 5370 rpmdest
227 5300 255 5352 ct
265 5294 384 5368 proluit,
396 5294 462 5349 inde
477 5295 513 5350 ad
530 5295 608 5351 hunc
622 5294 718 5350 locum
734 5295 789 5350 Do·
843 5296 949 5351 virtute
961 5294 1087 5350 delendi.
1105 5293 1158 5350 Per
1169 5295 1337 5350 [laurinum.

73 5388 184 5442 lucente
206 5383 377 5458 pervenerit.
395 5386 470 5440 m
485 5385 547 5449 Ouo
560 5384 710 5439 etiamvas
725 5384 789 5455 ejus
879 5384 1054 5439 iliacmarus
1076 5383 1289 5439 Laudunensis.
1316 5380 1550 5437 Benedictionem
1572 5387 1665 5451 tuem,

73 5473 156 5532 tione
171 5473 364 5539 confluxistis,
380 5477 409 5528 et
424 5471 479 5544 ipsi
505 5489 556 5528 vos
581 5477 684 5545 sponte
707 5488 789 5527 com-
843 5471 975 5538 Domine,
989 5469 1038 5525 hic
1062 5469 1190 5525 samalus
1213 5476 1282 5524 tuus
1307 5466 1440 5539 accipiat,
1464 5484 1523 5540 que
1546 5485 1667 5543 corpore

73 5564 142 5638 atie,
152 5565 239 5645 cujus
258 5562 399 5623 instinctu
415 5561 576 5622 animantia
590 5562 690 5621 omnia
705 5561 734 5621 ia
747 5579 791 5621 ar·
843 5560 973 5621 salvatus
986 5576 1019 5619 ec
1034 5565 1142 5631 mente,
1157 5563 1185 5619 et
1199 5562 1312 5636 gratem
1328 5555 1381 5615 tibi
1396 5572 1513 5635 semper
1531 5557 1667 5623 exhibeat

76 997 161 1060 tianb
184 996 347 1058 Hibcmuri
374 997 641 1080 archiepiscopalia
663 999 783 1063 ecclesie

234 1077 340 1140 Suncir'
352 1077 508 1160 Stephani.

844 3499 1063 3540 BENEDIOE'IONES
1082 3500 1176 3541 SUPER
1195 3502 1288 3544 aaut!
1302 3502 1438 3546 CAROLUH
1452 3507 1526 3547 aare
1544 3508 1666 3562 MISSAE,

1069 3591 1103 3628 ΕΤ
1120 3591 1229 3631 ALTARE
1247 3591 1273 3631 8.
1294 3592 1442 3634 aasabim.
