3810 6098
1749 242 1811 313 eut

489 246 682 311 utuuunul
704 244 827 313 RHEM.
852 242 1033 313 cuculus.
1057 246 1262 310 OPUSCULA
1285 244 1417 308 VthA.

41 254 159 321 -euu

99 382 276 449 charissimi,
293 382 415 454 contigit
431 399 516 438 nosse
531 382 586 439 hoc
602 384 679 456 qnod
695 382 758 438 volo
770 383 804 437 ad
818 397 925 441 mem03
939 383 967 457 Α
983 380 1133 442 debemus,
1151 381 1221 452 quid
1237 380 1379 435 Dominus
1395 380 1512 447 faceret,
1527 379 1553 434 si
1568 378 1639 441 rixis
1661 377 1811 445 dissiden-

99 474 309 528 riamvestram
322 470 468 526 narrando
480 472 689 527 revocare.N0n
700 470 924 543 longcanostris
979 473 1034 541 tos,
1058 469 1082 523 si
1113 468 1220 524 l'abulis
1248 473 1395 537 vacantes,
1424 466 1448 523 si
1477 467 1537 525 risu
1567 464 1741 531 dissolutos,
1765 463 1810 520 vel

97 560 278 631 temporibus
290 560 399 615 lactum
411 560 598 632 sertur,qned
609 561 729 634 quidam
742 560 777 614 cb
789 559 924 614 hostibus
978 556 1035 611 alio
1052 557 1182 630 quolibet
1197 557 1303 613 scolere
1319 556 1459 628 reperiret
1474 556 1612 627 irretitae,
1630 553 1680 626 qui
1697 553 1810 609 hostias

97 655 201 721 captus
216 647 301 721 louge
312 649 465 704 traductus
475 650 724 721 estt'turnqucdiu
737 652 883 702 teneretur
894 647 922 700 in
978 647 1118 719 quesibi
1145 647 1369 709 immolarentur
1391 650 1521 701 ementes
1545 645 1574 700 in
1600 642 1713 717 templo
1736 642 1810 699 vidit

95 737 231 805 vinculis,
248 754 314 792 cunr
332 756 404 793 uxor
419 756 482 805 sua,
500 756 566 793 cunr
583 757 616 794 ea
632 739 734 793 cadem
756 736 923 808 (capitivitate
978 739 1007 789 et
1022 734 1174 790 eliminare
1190 733 1348 790 festinavit.
1363 735 1419 789 Sed
1435 738 1464 789 et
1479 751 1532 788 nes
1548 731 1712 788 recolentes
1737 730 1809 787 scri·

97 846 154 884 non
172 827 321 900 reciperet,
337 829 514 883 exstinctum
530 828 653 900 putavit.
672 828 724 881 Pro
740 827 867 898 quojarn
879 842 923 881 vc·
977 828 1059 895 ptum
1079 842 1085 879 :
1102 825 1181 879 Zetae
1197 825 1292 880 banus
1312 833 1367 880 tum
1391 823 1506 880 concedit
1531 839 1573 877 inc
1597 823 1687 894 (loen.
1705 839 1735 888 u,
1754 823 1807 890 tr),

95 918 139 973 lut
154 923 269 972 mortuo
284 916 394 972 hostias
410 916 644 971 hebdomadibus
660 915 787 987 singulis
801 915 923 969 curabat
976 912 1070 968 zclnre
1085 912 1226 968 debemus
1252 913 1373 967 demum
1397 911 1458 978 Dei,
1475 916 1513 979 et,
1529 914 1676 983 qrranturn
1703 927 1807 985 pessu-

95 1007 207 1062 ollerre.
224 1004 314 1079 Cujus
330 1005 415 1060 toties
431 1003 547 1059 vincula
562 1004 750 1059 solvebantur
765 1004 794 1057 in
806 1001 923 1074 captivi·
977 1018 1056 1069 mus,
1072 1018 1107 1056 ne
1123 1001 1194 1073 quid
1217 1001 1246 1056 in
1273 1017 1309 1056 ea
1332 1018 1454 1073 pravum
1478 1004 1597 1074 geratur
1621 999 1806 1065 insistamus.

95 1099 163 1161 tate,
180 1094 294 1167 quoties
311 1093 346 1149 ab
362 1093 427 1165 ejus
442 1093 566 1165 conjuge
581 1093 684 1148 oblata
704 1092 829 1148 luissent
853 1090 920 1146 hos·
976 1090 1006 1143 Si
1022 1088 1182 1146 viderimus
1198 1090 1318 1149 tratrem
1333 1089 1383 1165 qui
1398 1089 1433 1146 ad
1454 1090 1577 1146 domum
1604 1089 1655 1146 Dei
1683 1090 1808 1165 pertinet

96 1183 141 1237 ua
158 1200 210 1255 [cre
225 1180 331 1239 anirum
345 1180 409 1251 ejus
437 1178 630 1239 absolutione.
646 1181 719 1235 Nom
744 1178 830 1253 longo
856 1182 921 1252 post
976 1177 1114 1250 superbia
1128 1179 1287 1245 tumidum,
1304 1179 1328 1234 si
1345 1177 1576 1235 detractionibus
1600 1183 1765 1246 assuetum,
1781 1179 1805 1236 si

93 1277 224 1342 ternpore
253 1286 396 1335 reversus,
418 1269 569 1328 admirans
592 1269 675 1324 valrle
699 1287 758 1325 suae
782 1267 921 1324 indicavit
975 1265 1106 1321 ebrietati
1128 1266 1312 1334 servientem,
1330 1266 1353 1322 si
1372 1266 1487 1322 luxuria
1510 1272 1695 1335 enervatum,
1709 1268 1734 1323 si
1750 1269 1804 1325 ire·

95 1359 176 1414 uxori
186 1359 263 1430 quod
274 1357 473 1413 diobusoertis
483 1356 920 1430 hebdomadibussingulisejus
975 1355 1082 1409 cundia
1095 1355 1257 1421 turbidum,
1270 1355 1294 1410 si
1311 1355 1366 1410 alic
1377 1355 1514 1429 cuiquam
1525 1356 1597 1413 vitio
1608 1357 1802 1427 substratum,

93 1447 210 1504 vincula
224 1446 420 1502 solvebantur.
439 1451 517 1512 uuus
533 1445 595 1500 dies
611 1447 675 1515 ejus
692 1444 920 1519 uxorntqueho·
974 1444 1147 1499 studeamus
1162 1444 1192 1498 iu
1209 1448 1353 1517 quantum
1368 1443 1491 1506 facultas
1502 1445 1635 1519 suppetit
1645 1443 1798 1518 castigare,

94 1553 142 1591 ras
156 1533 400 1599 discutiens,tuuc
413 1550 479 1589 curu
492 1534 658 1607 recognovit
669 1533 919 1603 absolutum‚eum
973 1530 1085 1605 pullula
1101 1549 1133 1587 ac
1150 1550 1283 1606 perversa
1295 1534 1439 1607 corrigere
1451 1551 1457 1588 :
1471 1540 1499 1589 ot
1511 1535 1535 1590 si
1550 1534 1688 1608 quamde
1700 1533 1803 1596 talibus

93 1640 146 1701 pro
160 1639 193 1677 eo
209 1622 386 1677 sacrificium
404 1622 578 1677 meminerat
592 1622 733 1678 oblatum.
751 1622 824 1677 Hinc
838 1639 916 1696 ergo,
974 1622 1130 1676 emendare
1147 1620 1375 1695 nequimus,non
1392 1623 1455 1677 sinc
1471 1623 1614 1681 acerrimo
1626 1624 1803 1686 meatissus·

94 1712 198 1766 tratres
214 1710 390 1778 charissimi,
408 1710 476 1766 hinc
492 1715 569 1767 certa
585 1711 817 1767 consideratione
836 1710 917 1766 celli-
937 1710 1066 1821 Btinore
1081 1709 1190 1776 delore,
1204 1715 1232 1765 ct
1248 1712 1374 1767 maxime
1395 1711 1425 1766 in
1450 1712 1515 1784 ipsa
1539 1712 1627 1769 doure
1653 1712 1800 1779 orationis,

94 1801 162 1873 gite,
180 1798 278 1854 oblata
292 1817 309 1853 a
325 1800 409 1855 uehis
425 1799 522 1855 hostia
537 1817 620 1856 sacra
636 1800 821 1873 quantumin
837 1799 922 1856 nobis
977 1800 1025 1855 uhi
1042 1797 1157 1854 Domini
1171 1804 1360 1856 consecratur
1371 1800 1541 1873 corpus,ubi
1553 1799 1729 1875 angelorum
1739 1818 1802 1874 pree

94 1889 205 1944 solvere
220 1887 314 1945 valeat
329 1886 485 1960 ligaturam
502 1889 609 1955 cerdis,
625 1890 650 1945 si
666 1890 764 1945 oblata
779 1890 815 1944 ab
831 1888 921 1944 altero
976 1888 1070 1943 sentia
1085 1906 1201 1962 semper
1215 1889 1318 1944 edesse
1333 1906 1390 1944 non
1407 1889 1569 1961 dubitatur,
1588 1889 1715 1964 nequid
1731 1891 1802 1973 inep

93 1977 188 2050 potuit
204 1977 232 2031 in
249 1977 339 2033 altero
355 1975 464 2032 solvero
475 1977 591 2032 vincula
602 1977 759 2050 corporis.»
772 1978 814 2045 (la
826 1977 922 2034 cadem
975 1981 1038 2031 turn
1055 1978 1115 2044 hat,
1132 1978 1252 2050 nequid
1269 1978 1345 2049 quod
1370 1982 1501 2034 nostram
1528 1978 1726 2041 fraternamve
1739 1995 1801 2039 ora·

93 2064 219 2128 bomilia,
235 2066 285 2119 sub
299 2066 393 2135 fiuent)
407 2081 412 2121 :
426 2088 439 2113 «
455 2064 611 2137 ltclinquat
621 2082 689 2138 crgo
701 2066 801 2121 emnia
812 2065 862 2137 qui
874 2082 922 2138 po·
976 2065 1083 2121 tionem
1098 2067 1249 2138 impediat,
1262 2067 1331 2122 totis
1345 2065 1456 2122 viribus
1472 2067 1678 2140 agamuslltec
1690 2072 1802 2141 propter

93 2160 150 2210 test
167 2172 173 2208 :
191 2154 240 2225 qui
257 2157 354 2209 antem
372 2153 534 2227 relinquere
548 2171 605 2208 non
623 2158 727 2226 potest,
741 2172 807 2210 cum
824 2155 920 2210 arlhuc
976 2152 1041 2208 illcs
1060 2154 1188 2211 diximus
1213 2155 1273 2227 qui,
1290 2154 1443 2210 ecclesiam
1470 2155 1608 2228 ingrcssi,
1624 2175 1686 2215 non
1710 2157 1801 2223 solum

93 2261 143 2300 rex
157 2242 242 2315 longe
258 2246 311 2308 est,
328 2241 504 2314 legationem
518 2242 624 2311 mittat,
639 2242 921 2315 lacrymarumelee·
975 2242 1168 2299 intentionem
1184 2244 1287 2299 orandi
1304 2243 1468 2317 negligunt,
1480 2261 1582 2301 verum
1598 2245 1691 2305 etiam
1705 2263 1740 2304 ee
1753 2263 1803 2321 pro

94 2347 293 2405 mosynarum,
311 2329 474 2384 hostiarum
492 2347 615 2385 munera
629 2332 741 2386 offerat.
757 2330 827 2386 Vult
841 2331 919 2386 enim
974 2330 1083 2402 quibus
1094 2347 1177 2387 crare
1187 2332 1347 2387 debuerant
1359 2333 1637 2408 augent,insuperet
1648 2340 1804 2409 arguentes

93 2419 203 2498 placari
219 2417 364 2492 precibus,
382 2418 430 2490 qui
449 2418 504 2473 scit
519 2417 589 2490 quia
612 2420 718 2491 portari
746 2437 803 2475 non
828 2419 921 2492 possit
975 2435 1005 2473 sc
1022 2435 1072 2492 pro
1088 2421 1259 2492 hujusmodi
1276 2420 1401 2476 stultitia
1416 2421 1550 2478 convitiis
1567 2423 1706 2497 odiisque
1729 2424 1804 2487 inse·

92 2509 280 2575 iratus.Ouod
297 2507 393 2563 adhuc
409 2525 521 2563 moram
537 2507 606 2563 lacit
618 2509 725 2575 venire,
743 2508 918 2582 legationem
974 2510 1259 2580 quantur,addentcs
1270 2507 1405 2565 videlieet
1414 2510 1712 2583 prorumpamus
1722 2512 1808 2588 quasi

94 2598 174 2675 pacis
186 2596 459 2654 sustinet.Vcnissct
466 2597 528 2666 jam
536 2598 657 2669 jamque
669 2598 920 2663 sivellet,cunctos
975 2596 1028 2652 sihi
1037 2596 1808 2672 lenemlongissimumincautneorumaugmentatio-

95 2703 164 2742 sucs
180 2685 361 2742 adversarios
377 2684 620 2742 trucidassetb'cd
632 2691 660 2741 ct
675 2704 764 2758 qutun
781 2685 920 2742 terribilis
975 2702 1011 2740 ne
1023 2690 1219 2753 terentes,nec
1234 2685 1370 2748 timentes
1386 2704 1420 2741 ex
1435 2703 1468 2743 ec
1484 2687 1610 2744 districti
1618 2689 1808 2760 judicisexa·

94 2775 190 2832 veniet
205 2773 356 2841 indicabat
370 2778 467 2830 tamen
483 2774 520 2830 ad
533 2773 709 2830 veniendum
727 2775 833 2840 tardat,
850 2775 921 2848 quia
974 2773 1134 2829 minatione
1149 2774 1293 2830 damnari.
1307 2774 1365 2829 Nec
1376 2773 1448 2831 latet
1458 2776 1559 2832 crebro
1570 2776 1804 2849 angeloselectis

95 2881 153 2920 non
169 2862 231 2919 vult
246 2863 374 2919 invenire
389 2880 463 2935 ques
479 2864 623 2935 puniat,et
637 2865 686 2937 qui
704 2881 756 2936 per
771 2865 845 2920 iram
862 2882 919 2920 non
975 2860 1113 2917 invisibili
1123 2862 1490 2935 adessoprarscntiamteos
1497 2863 1541 2921 vel
1550 2865 1587 2921 ab
1598 2865 1695 2922 hostis
1707 2866 1804 2925 callidi

96 2957 191 3026 potest
205 2953 284 3017 serri,
301 2970 352 3025 per
376 2951 529 3025 postulate
555 2953 635 3026 pacis
659 2952 721 3007 vult
744 2952 918 3026 legationem
966 2940 1725 3027 'defendantinsidiis,relmajoriscoelestisdesiderii
1738 2972 1798 3029 gra·

95 3041 214 3115 placari.
232 3042 438 3119 Lavate1ergo,
462 3042 565 3097 iratres
589 3041 765 3109 charissimi,
782 3042 919 3114 lacrymis
975 3037 1329 3112 liasustcllant,Apostclo
1344 3041 1570 3115 attestante,qui
1581 3042 1797 3107 uittllouueuu·

95 3130 225 3187 maculas
251 3135 448 3202 peccaterum,
474 3128 666 3203 elecmosynis
695 3131 807 3203 tergite,
825 3116 954 3186 sacrisC
973 3136 1093 3182 cessant
1105 3127 1466 3200 ‹criministrctoriiapiritur,
1480 3132 1510 3187 in.
1523 3132 1795 3195 ministerivmmissl

94 3220 200 3275 hostiis
214 3220 355 3291 expiate.»
366 3218 711 3290 (Dirrlopor.lib.rv,c.58.t
727 3243 740 3269 a
759 3220 823 3274 Haec
840 3236 919 3275 narn·

95 3324 151 3380 que
166 3307 355 3380 singulariter
369 3308 531 3363 victimaab
541 3313 646 3362 eterno
658 3307 775 3362 interitu
787 3307 917 3363 animam

96 3395 198 3464 salvat,
215 3394 373 3467 quasillum
389 3401 512 3451 mortem
530 3397 614 3451 nobis
624 3396 770 3469 llnigcniti
783 3415 833 3470 per
844 3416 919 3470 mys·

100 3484 207 3538 terium
237 3488 360 3554 reparat.
384 3484 437 3550 Oui
462 3483 834 3556 licetsurgensamortuis
854 3485 917 3554 jam

97 3588 154 3626 non
172 3571 305 3635 moritur,
322 3576 351 3629 et
373 3589 452 3626 mers
473 3571 498 3626 ci
525 3571 602 3626 ultra
625 3589 682 3628 non
707 3572 917 3639 dominabitur,

95 3666 192 3717 tamen
208 3660 238 3715 in
254 3677 285 3716 sc
300 3659 363 3733 ipse
379 3658 583 3716 immortaliter
598 3660 760 3732 vivens,prc
775 3661 858 3714 uehis
870 3660 919 3716 itc-

94 3766 160 3805 rum
174 3748 204 3803 in
219 3749 273 3805 hoc
289 3748 426 3820 mysterio
447 3763 535 3801 saera
559 3746 714 3802 oblationis
738 3748 915 3805 immolatur.

93 3837 165 3908 Ejus
180 3837 287 3910 quippe
303 3835 342 3890 ibi
359 3852 465 3906 eorpus
480 3835 688 3907 sumitur,ejus
698 3853 765 3891 earo
778 3838 806 3891 in
817 3837 917 3911 populi

93 3922 218 3981 salutern
233 3923 435 3996 partitur,ejus
450 3923 571 3995 sanguis
587 3941 644 3979 non
657 3923 685 3979 in
699 3942 803 3981 manus
814 3926 916 3982 inlide-

94 4011 177 4078 lium,
195 4013 245 4068 sed
262 4011 291 4069 in
303 4030 353 4067 ora
369 4011 499 4066 ssdcliurn
516 4011 660 4068 funditur.
680 4014 749 4070 llinc
764 4031 832 4087 crgo
846 4032 916 4087 pen-

93 4118 193 4159 semus
206 4098 292 4177 qucle
304 4100 341 4157 sit
358 4099 547 4167 sacrificium,
564 4102 640 4173 quod
657 4119 709 4175 pro
733 4103 916 4161 absolutione

93 4196 192 4250 nostra
207 4189 374 4263 passionem
387 4188 530 4261 unigeniti
547 4189 611 4245 Filii
634 4208 751 4265 semper
773 4192 914 4248 imitatur.

91 4281 162 4348 Quis
176 4280 254 4336 enirn
270 4277 403 4334 fidelium
417 4278 524 4335 hnbcrc
540 4279 663 4334 dubium
687 4281 789 4352 possit,
806 4282 836 4336 in
852 4281 917 4354 ipsa

92 4368 301 4425 immolationis
315 4367 387 4424 hora
402 4368 437 4422 ad
454 4367 615 4423 sucerdotis
630 4384 729 4423 rocem
745 4369 833 4424 caulos
848 4387 915 4442 upe-

93 4457 153 4527 riri,
170 4458 200 4513 in
217 4456 266 4512 illc
280 4456 350 4512 lesu
361 4456 467 4512 Christi
480 4456 618 4528 mysterio
631 4456 801 4529 augelorum
811 4458 916 4514 choros

94 4543 914 4619 adesse,surnmisimasociari,terreaacoelestibusjungi,

95 4648 186 4688 unum
203 4633 349 4704 quoddam
365 4650 399 4688 ex
417 4633 582 4691 visibilibus
607 4638 695 4706 atquc
719 4634 916 4692 invisibilibus

95 4719 178 4776 heri?
194 4743 207 4769 »

129 4807 211 4866 Unde
234 4825 408 4881 magnopere
432 4810 516 4866 nobis
544 4814 589 4866 est
616 4813 826 4868 attendendum
849 4830 916 4870 curn

95 4902 205 4972 quanta
220 4898 388 4965 reverentia,
405 4904 433 4954 et
448 4916 515 4954 curn
539 4905 649 4972 quanto
675 4902 778 4958 timore
801 4919 835 4958 ae
860 4906 916 4958 tre·

95 4986 295 5054 more,divinis
312 4987 458 5059 mysteriis
474 4988 614 5044 debemus
629 4990 773 5059 assistere,
787 5009 819 5046 ac
834 4992 916 5047 solli-

95 5075 150 5132 cite
165 5077 329 5141 cbservarc,
346 5092 382 5131 ne
406 5075 476 5148 quid
498 5076 630 5149 ineptum
646 5078 753 5137 ibidem
769 5096 916 5152 geramus,

95 5180 132 5219 ne
145 5180 212 5220 oum
227 5161 384 5220 Corinthiis
400 5163 435 5218 ab
450 5163 587 5235 Apostolo
603 5164 758 5221 audiemus
770 5182 776 5220 :
788 5166 918 5238 ilunpaid

94 5253 184 5311 domos
197 5270 254 5310 eoa
268 5252 372 5308 habetis
385 5251 420 5309 arl
436 5253 549 5325 agenda
564 5251 608 5311 vel
624 5252 918 5327 loquendatempcra·

95 5338 146 5414 lia,
162 5349 209 5397 tritt
231 5343 379 5397 Ecclesiam
401 5342 451 5398 Dei
473 5343 644 5397 commanitis
659 5341 683 5414 (l
697 5342 756 5398 Cor.
773 5346 917 5416 x1,22)el

971 3222 1138 3287 proptereat
1157 3218 1205 3288 qvi
1228 3216 1413 3274 lucratitctem
1437 3220 1551 3290 capiunt
1572 3220 1675 3277 solutis
1686 3224 1699 3279 i
1712 3218 1791 3295 (llelr.

974 3320 993 3370 1,
1013 3306 1067 3373 ll.)
1084 3305 1207 3360 Maxime
1223 3309 1321 3361 tamen
1332 3305 1455 3379 angelici
1468 3306 1551 3365 nobis
1564 3308 1690 3382 spiritus
1700 3311 1792 3376 adesse

973 3393 1109 3447 credendi
1125 3398 1275 3462 sunl,cum
1292 3393 1399 3449 divinis
1414 3394 1582 3468 specialiter
1598 3398 1793 3472 mancipamur

972 3482 1132 3554 obsequiis,
1149 3482 1178 3537 id
1195 3487 1250 3553 est,
1264 3500 1331 3538 curn
1342 3483 1495 3540 ecelesiam
1507 3485 1694 3558 ingressi,vel
1706 3487 1794 3547 lectio

974 3569 1060 3626 nibus
1075 3571 1166 3627 saeris
1182 3588 1282 3627 aurem
1306 3575 1543 3643 accomodnmus,
1561 3574 1606 3631 vel
1632 3576 1792 3651 psalmodia

972 3677 1090 3732 operam
1106 3661 1224 3728 (latriae,
1240 3661 1283 3717 vel
1300 3663 1422 3719 crationi
1443 3663 1661 3737 incumbimus,
1677 3667 1794 3729 maxime

972 3753 1070 3803 autern
1087 3766 1154 3828 curn
1172 3750 1332 3807 missarum
1349 3750 1493 3808 solemnia
1507 3752 1694 3815 celebramus
1706 3774 1714 3814 ε
1726 3756 1794 3815 unde

972 3841 1001 3892 et
1015 3837 1152 3892 admonet
1170 3839 1326 3910 Apostolus
1343 3857 1350 3895 :
1367 3840 1465 3897 llalr'er
1488 3843 1520 3897 iu
1541 3844 1658 3907 ecclesio
1679 3846 1794 3907 velam

971 3942 1053 3999 saper
1076 3935 1156 3998 caput
1179 3928 1276 3985 lrabcrc
1297 3938 1408 4001 propter
1431 3932 1542 4002 orrpelos
1566 3932 1590 4002 (l
1611 3933 1673 3991 Cor.
1689 3951 1729 4003 ru,
1746 3936 1792 4015 tc),

971 4018 999 4069 et
1014 4014 1156 4088 propheta
1170 4015 1212 4070 nit
1224 4033 1231 4071 ε
1243 4015 1275 4071 le
1285 4026 1426 4090 conspecta
1442 4020 1603 4091 angelorum
1615 4023 1737 4095 psallam
1749 4022 1794 4081 titt

971 4105 1056 4173 (Paul.
1073 4121 1195 4172 cxxxvu,
1214 4106 1250 4173 l).
1268 4105 1325 4163 Nec
1349 4107 1476 4163 dubitari
1502 4107 1647 4175 licet,ubi
1670 4112 1793 4193 corporis

970 4194 1000 4245 ct
1015 4190 1166 4263 sanguinis
1190 4190 1334 4248 Dominici
1360 4195 1499 4267 mysteria
1522 4203 1680 4269 geruntur,
1696 4216 1791 4275 super·

971 4296 1075 4334 nerum
1098 4279 1205 4335 civium
1230 4281 1332 4337 adesse
1357 4287 1528 4351 conventus,
1543 4284 1594 4359 qui
1622 4303 1790 4353 munumen-

970 4371 1034 4422 tum
1048 4383 1107 4441 quc
1122 4384 1228 4439 corpus
1243 4369 1341 4441 ipsum
1355 4373 1522 4429 venerabile
1536 4374 1669 4447 positum
1690 4377 1788 4447 ruent

969 4460 998 4512 et
1014 4457 1091 4511 unde
1106 4457 1284 4530 resurgendo
1303 4459 1573 4531 assuescentem
1598 4463 1713 4525 sedulis
1734 4483 1787 4533 eet·

969 4549 1038 4601 vant
1066 4546 1206 4601 excubiis.
1232 4546 1313 4603 Unde
1341 4549 1463 4605 solerter
1485 4553 1669 4628 studendum
1692 4558 1790 4631 estivi

971 4651 1038 4690 cum
1050 4634 1202 4711 ecclesiam
1213 4634 1256 4691 vel
1267 4637 1303 4691 ad
1314 4637 1416 4693 divinae
1427 4638 1522 4696 laudis
1533 4640 1636 4703 debita
1645 4641 1788 4712 solvende,

970 4722 1012 4777 vel
1029 4724 1143 4796 agenda
1158 4724 1316 4780 missarum
1339 4726 1483 4783 solemnia
1506 4729 1666 4799 intremus,
1681 4748 1789 4807 semper

970 4811 1106 4883 angelica
1122 4813 1280 4885 prasentia
1297 4831 1452 4883 memores,
1466 4833 1533 4877 cunr
1546 4817 1653 4879 timore
1667 4825 1698 4877 et
1713 4836 1787 4881 seue·

970 4900 1081 4956 ratione
1095 4902 1272 4975 competenti
1291 4903 1403 4960 celeste
1426 4906 1630 4979 compleamus
1652 4896 1790 4975 officina.

970 4989 1180 5062 inexemplum
1197 4991 1372 5048 feminarum
1387 4992 1445 5050 Deo
1462 4995 1726 5081 ducturumque
1745 5014 1788 5079 ap·

972 5077 1142 5152 parentibus
1155 5080 1191 5134 ad
1203 5085 1428 5137 monumentum
1440 5082 1552 5156 angelis
1562 5086 1789 5147 amusement·

971 5175 1030 5223 laer
1053 5167 1202 5223 declinasse
1225 5177 1378 5225 currantur
1401 5172 1432 5227 ie
1455 5180 1557 5237 terram
1570 5175 1648 5245 (Luc.
1663 5177 1788 5247 mab).

972 5256 1026 5312 Sed
1042 5261 1071 5312 et
1084 5256 1169 5312 nobis
1183 5257 1313 5329 typicum
1329 5259 1460 5331 prebent
1472 5260 1653 5339 exemplum,
1664 5269 1699 5323 ul
1709 5264 1791 5324 siue»

972 5345 1085 5401 minum
1101 5344 1238 5412 invenire,
1254 5344 1280 5401 si
1301 5346 1474 5420 angelorum
1497 5349 1703 5413 desideremus
1724 5370 1790 5435 pte·

97 5430 167 5486 adeo
183 5447 250 5485 curu
266 5430 281 5486 J
286 5430 374 5486 udaie
390 5431 516 5486 :Dilectus
529 5446 606 5485 meas
621 5432 650 5485 iu
673 5429 750 5488 domo
773 5448 834 5488 mec
853 5435 919 5507 fecit
971 5435 1066 5490 sentia
1079 5432 1245 5501 confortari,
1262 5434 1436 5507 abjiciamus
1451 5454 1540 5511 opera
1553 5440 1790 5513 tenebrarum

96 5517 194 5581 seelera
208 5519 296 5577 melta
311 5520 376 5593 (lar.
393 5537 432 5589 xr,
451 5519 504 5594 15).
520 5520 558 5576 ut
582 5516 705 5577 sollicite
734 5521 918 5583 considerare
971 5524 1131 5582 induamur
1145 5538 1227 5579 arma
1240 5521 1325 5595 lucis,
1338 5523 1454 5587 sieutin
1469 5527 1517 5587 die
1527 5516 1653 5595 honeste
1666 5514 1793 5597 ambulo-¹
