3810 6098
105 234 166 306 m

472 247 524 308 De
546 243 927 308 PRAEDESTINATIONE
947 242 1207 307 nissettet'ete
1227 245 1457 310 Poseideion.

1756 255 1818 337 42⁶

98 379 208 436 manu
223 377 349 435 Domino
364 377 534 450 punienti.»
550 381 584 436 tlt
599 380 722 452 Prosper
737 380 766 434 iu
783 379 856 434 libro
872 378 935 450 Epi·
951 379 977 445 A
993 376 1035 431 ois
1054 394 1110 432 non
1127 379 1259 450 perderet
1284 396 1474 452 quemquam.
1492 384 1526 436 tit
1540 383 1565 438 si
1581 383 1640 440 lnce
1666 387 1819 458 praescivit,

94 470 307 542 grammatum
318 465 412 539 capite
422 466 561 540 vigesimo
573 474 685 536 octavo,
698 475 737 524 lla
746 468 850 540 duplici
859 482 937 538 apere

95 557 154 614 nrt
164 574 192 610 t«
204 555 235 611 Si
247 572 350 612 omnes
367 555 502 612 homines
515 557 604 612 simul
621 557 852 620 consideremus,
864 573 935 627 ‹pup-

95 661 171 702 rum
188 643 240 699 alii
257 643 459 724 misericordia
474 644 544 701 salvi
561 647 645 712 lirant,
658 646 707 701 alii
722 645 841 701 ueritate
851 645 936 700 dam·

94 732 376 801 nantur,universoe
388 732 440 788 via
455 734 581 801 Domini,
592 734 621 790 id
636 739 682 791 est
697 733 935 790 misericordiaet

92 820 286 886 veritassuo
302 822 359 878 linc
375 821 519 878 distincte
535 829 615 879 sunt.
625 824 655 879 Si
667 830 766 879 autem
779 823 857 878 solos
867 838 934 877 san·

93 916 170 970 <atos
181 911 362 981 intueamur,
372 927 429 967 non
441 910 644 967 discernentur
654 912 697 968 lrae
709 912 771 968 viae.
782 911 936 967 Indiuidua

95 995 186 1055 euim
202 997 245 1054 ibi
258 1002 315 1064 est,
329 1004 359 1054 et
373 1016 390 1054 a
405 999 605 1056 misericordia
615 1001 769 1066 veritas‚et
784 1018 801 1056 a
815 1001 935 1056 veritate

97 1087 411 1160 misericordiaque
425 1087 575 1145 beatitudo
590 1094 757 1146 sauctorum
773 1094 803 1145 et
819 1090 854 1145 de
870 1105 935 1144 mu·

93 1190 177 1233 ‘ltere
191 1180 238 1232 est
252 1176 363 1249 gratiae,
374 1181 403 1232 et
413 1177 449 1233 de
462 1165 653 1234 retributione
664 1177 797 1250 justitiae.

430 1303 616 1375 Epiprammu.

140 1409 268 1461 darnibus
283 1409 310 1459 in
326 1410 407 1482 rebus
416 1411 551 1483 geminum
566 1414 607 1460 est
617 1425 684 1474 optas
698 1410 903 1472 omnipotentis,

167 1472 262 1521 Totum
278 1475 324 1523 arat
336 1475 441 1536 Jusuua
454 1473 580 1538 estquod
595 1474 672 1536 gerit,
684 1477 730 1523 aut
743 1474 839 1536 pietas.

141 1534 202 1593 Qua
217 1534 297 1585 simul
311 1535 339 1584 in
354 1539 436 1585 terrm
451 1534 618 1586 descendunt
632 1537 698 1586 lueis
712 1535 746 1585 ab
760 1550 830 1595 aree,

170 1598 206 1646 b'e
218 1596 344 1663 cuiquam
360 1597 429 1661 parti
445 1598 514 1649 desit
530 1601 673 1662 utrumqne
688 1599 800 1648 ironiam.

141 1657 170 1707 Et
183 1658 312 1724 quoniam
327 1659 416 1715 cuncti
431 1659 529 1710 auxillo
545 1660 695 1710 miserentis
710 1674 829 1723 egcarms,

171 1721 300 1771 Praecedit
311 1735 418 1786 semper
431 1723 518 1785 gratia
528 1723 669 1786 justitiam,

142 1783 318 1834 bamueutem
332 1784 426 1844 clatos,
440 1785 590 1835 ‘salvantem
602 1785 771 1848 justificatos,

171 1846 243 1904 Quos
256 1847 327 1896 Deus
341 1851 367 1896 et
380 1846 460 1897 douis
474 1847 578 1898 auxerit
592 1852 620 1897 et
633 1848 742 1897 meritis.
753 1869 765 1891 ι)

112 1953 148 2008 et
161 1952 232 2009 item
247 1953 325 2011 idem
341 1953 370 2010 in
385 1954 488 2010 eodem
509 1952 583 2010 libro
606 1954 701 2027 capita
717 1953 936 2022 decimosexto,

117 2042 151 2098 ec
157 2043 268 2114 justitie
281 2050 308 2099 cl
321 2044 412 2114 pratia
426 2042 525 2116 quibus
539 2044 589 2098 liei
598 2051 700 2099 corruat
711 2043 936 2116 praedestinatio:

119 2130 205 2187 ellum
221 2135 292 2188 sunt
302 2131 647 2206 retributionesJuslitim,
659 2149 726 2188 eum
735 2137 786 2188 ant
801 2133 875 2188 bona
885 2149 937 2206 pro

118 2219 206 2292 benis,
217 2225 271 2277 aut
286 2220 364 2277 mala
378 2221 541 2278 redduntur
555 2238 607 2295 pro
622 2221 718 2277 naulis.
731 2221 829 2277 Tertia
839 2226 883 2276 est
896 2237 937 2277 ro·

117 2309 421 2382 tribuliogratiae,cum
429 2327 480 2384 per
488 2310 736 2383 regenerationem
748 2310 938 2366 remitluntur

117 2397 188 2454 mala
201 2402 231 2454 et
245 2399 450 2466 retribuuntur
465 2399 560 2455 bona:
576 2403 663 2471 atque
678 2398 719 2455 ila
733 2399 938 2455 manifestetur

118 2487 187 2559 qaod
204 2486 347 2543 universae
362 2488 415 2543 vias
429 2486 544 2544 Domini
561 2487 761 2544 misericordia
775 2492 804 2543 et
818 2487 936 2555 veritas,

119 2576 193 2632 illam
204 2581 303 2634 autem
315 2576 355 2633 im
359 2577 475 2650 piorum
487 2577 781 2649 retributione1n‚qua
791 2594 843 2648 prro
854 2575 938 2632 bonis

119 2665 189 2720 mala
204 2666 375 2735 restituunt,
392 2665 470 2721 Deus
493 2665 596 2733 nescit,
613 2665 664 2738 qui
685 2665 741 2720 nisi
767 2665 939 2720 retribueret

120 2753 187 2809 bona
202 2771 254 2828 pro
271 2754 369 2824 malis,
382 2773 440 2832 uon
456 2753 590 2811 essetcui
607 2754 781 2811 retribueret
796 2754 872 2809 bona
887 2769 938 2826 pro

121 2841 208 2900 bonis.

434 2934 618 3007 Epigranuna.

146 3037 253 3089 testibus
269 3051 371 3087 merces
385 3038 493 3102 gemina
506 3044 557 3094 est,
572 3052 632 3089 cum
648 3037 689 3087 vel
704 3037 775 3087 bona
789 3037 868 3086 rectis

173 3100 218 3151 Vel
234 3100 326 3164 pravis
341 3099 421 3164 digne
436 3113 496 3149 cum
511 3101 583 3151 male
597 3101 720 3156 restituit.

145 3161 271 3212 Salvntrin
288 3166 377 3211 numm
394 3166 551 3212 cerariorum
566 3163 651 3226 gratia
665 3161 759 3212 Christi

172 3227 229 3275 Non
244 3237 366 3288 pensans
380 3226 505 3275 meritum
520 3225 597 3275 diluit
608 3239 688 3275 etune
703 3224 813 3281 rnatum,

145 3286 338 3351 credentesque
353 3300 447 3336 omnes
461 3300 596 3337 renovans
608 3288 768 3349 baptismate
784 3299 869 3345 sacro,

172 3350 222 3399 Dat
233 3349 307 3401 boun
322 3362 383 3413 quae
398 3352 507 3413 propter
521 3349 567 3399 det
581 3351 691 3400 meliora
705 3349 792 3398 bouis.
803 3368 815 3392 a

120 3453 216 3511 Verum
239 3460 362 3512 sanetus
382 3455 539 3528 Gregorius
556 3455 837 3528 praedestinationes,
850 3456 878 3511 id
895 3459 940 3513 est

117 3543 229 3601 dectus
241 3543 333 3599 divini
350 3543 455 3616 operis,
468 3544 573 3617 plurali
589 3561 711 3600 numero
726 3544 754 3600 in
772 3543 847 3599 libra
859 3542 938 3617 vige-

114 3632 184 3690 simo
196 3650 272 3690 nono
284 3631 439 3688 Moralium
452 3633 544 3705 ponit.
556 3657 569 3684 «
583 3633 663 3690 Unde
675 3651 726 3706 pro
739 3633 939 3689 mediocritate

114 3720 576 3794 nostre·intelligentiuncuiae,ex
586 3722 822 3796 doctrinaipsies
833 3727 861 3777 et
871 3720 939 3777 alio-

113 3828 176 3867 rum
192 3810 328 3868 ecclesia
345 3811 566 3883 magistrorum,
578 3829 635 3884 qua
650 3829 737 3867 sensu
754 3811 808 3867 hoc
822 3810 937 3893 dixerit,

111 3899 270 3975 qualiterve
294 3900 458 3956 seeundum
473 3902 625 3957 veritatem
650 3900 872 3973 intelligendum
888 3900 937 3967 sil,

108 3989 137 4047 in
155 3990 388 4064 precedentibus
402 3988 488 4047 istius
501 3989 633 4064 opusculi
649 3990 828 4047 sullicienter
843 3994 939 4046 osten·

108 4077 218 4134 dimus.
232 4101 247 4129 a

385 4194 496 4234 certem
510 4193 604 4233 carun
618 4195 660 4234 nr.

105 4264 175 4327 <latia
188 4266 221 4315 sil
235 4267 384 4317 scutatorum
403 4265 605 4330 praalesliaalio,
620 4267 645 4314 cl
667 4265 736 4330 praed
754 4281 769 4313 a
790 4265 841 4314 cea
864 4264 937 4314 electi

137 4335 175 4385 aa
187 4338 267 4386 ailam
289 4334 471 4400 praedestinati
491 4337 554 4392 sint,
569 4338 594 4385 cl
608 4338 660 4384 aila
674 4336 728 4384 illia
749 4337 782 4384 sil
803 4335 934 4400 preelecti-

138 4410 201 4456 aule
220 4409 328 4456 cluna.
345 4406 452 4471 licproln'
470 4411 555 4457 autem
570 4422 620 4456 noa
638 4421 653 4455 n
673 4408 724 4456 ileo
746 4406 934 4470 praedestinati,

138 4478 186 4527 sed
196 4478 310 4543 presciti
324 4481 401 4542 elque
414 4477 499 4528 relicti
512 4477 549 4527 ad
567 4492 668 4543 poeaaarn
687 4478 749 4536 siret,
760 4493 836 4542 perrea
850 4480 936 4527 autem
951 4484 973 4549 Ι)

138 4563 172 4598 ee
185 4547 355 4599 retributione
365 4550 475 4614 justitie
485 4548 538 4598 illis
551 4552 584 4598 stt
596 4547 781 4614 predestinata
798 4551 903 4597 eterna.

145 4647 271 4703 Sanetus
281 4646 468 4720 Aug-ustinus
482 4647 512 4702 in
527 4646 602 4702 libro
612 4646 646 4702 de
659 4646 737 4702 Bono
754 4662 936 4718 perseveran-

104 4735 390 4808 enarraremus
405 4752 412 4790 ι
425 4759 439 4786 a
454 4736 519 4792 Haec
534 4739 578 4791 est
593 4735 808 4808 praedestinatio
824 4740 936 4790 sancto-

93 4841 186 4890 rum,
202 4823 277 4881 nihil
292 4823 384 4891 aliud,
400 4822 582 4896 praescientia
597 4822 707 4880 scilieet
721 4828 749 4878 et
764 4823 936 4895 preparatio

106 4913 321 4968 Mneliciorum
337 4912 398 4979 Dei,
410 4912 518 4984 quibus
530 4912 692 4968 certissime
704 4910 865 4967 liberantur
875 4913 936 4984 qui·

105 5018 224 5072 cunque
239 5001 413 5057 liberantur.
427 4999 526 5057 Ceteri
543 5004 640 5056 autem
655 5000 704 5055 ubi
721 5000 776 5056 nisi
793 5000 822 5055 in
839 5017 937 5056 massa

106 5089 284 5163 perditionis
295 5089 378 5160 justo
394 5088 491 5145 divino
502 5087 616 5160 judicie
632 5087 861 5160 relinquuntur?
874 5112 887 5139 a
903 5090 938 5145 nt

106 5179 234 5250 Prosper
256 5177 287 5233 in
313 5176 426 5233 actione
441 5181 542 5234 octava
559 5180 642 5249 (resp.
658 5177 698 5247 9),
714 5177 751 5232 ad
774 5178 938 5234 Jauuenses

104 5265 264 5324 carrinam
276 5270 305 5322 et
314 5265 496 5323 Theodotum
508 5267 691 5339 presbyteros
700 5282 723 5320 :a
735 5267 938 5338 Agnoscamus

103 5355 209 5427 itaque
218 5354 375 5427 sapienter,
387 5354 493 5428 pieque
503 5354 658 5424 fateamur,
669 5353 820 5426 praescisse
830 5353 939 5411 iucom-

103 5442 294 5502 mutabiliter
313 5444 506 5513 [leumiim
521 5443 630 5517 quibus
655 5448 733 5500 esset
757 5445 882 5501 daturus
906 5450 939 5500 ut

101 5533 271 5603 crederent,
283 5537 334 5591 aut
356 5548 430 5607 quos
446 5533 569 5591 daturus
589 5536 667 5592 esset
690 5531 751 5592 iiio
774 5551 839 5604 suo,
856 5538 889 5591 ul
903 5551 939 5594 ex

269 5658 404 5724 Parnon.
427 5659 543 5726 cxxv.

989 465 1130 520 beneficia
1145 483 1199 521 sua
1214 465 1309 532 illum,
1326 468 1434 538 quibus
1458 487 1510 526 nos
1526 471 1666 542 dignatur
1683 473 1818 543 liberare,

990 554 1150 625 praescisse.
1170 556 1203 609 itt
1220 555 1295 610 liene
1311 574 1376 611 esse
1401 558 1686 628 praedestinationem
1705 567 1819 619 sancto·

989 659 1065 709 rum,
1084 642 1370 714 praedestinationem
1396 644 1508 700 scilieet
1524 651 1552 701 et
1577 651 1819 720 praeparationem

988 730 1089 802 gratim
1114 731 1175 796 Dei,
1194 748 1253 803 qua
1276 733 1440 789 certissime
1465 731 1628 790 liberantur
1652 737 1819 812 quicunque

989 817 1160 875 liberantur.
1173 822 1295 877 Caeteros
1312 826 1422 888 autom,
1443 839 1550 895 quosa
1573 823 1701 896 generali
1726 827 1819 897 perdi-

989 906 1067 962 tione
1078 907 1199 964 humani
1212 910 1328 982 generis
1339 910 1434 984 gratia
1446 928 1503 966 non
1516 912 1632 980 exemit,
1641 913 1723 984 justo
1735 930 1818 970 nove·

989 997 1815 1076 rirnusjudicianonexemptos,utquidnobisremissum

989 1085 1070 1141 sitin
1091 1087 1134 1142 eis
1149 1086 1308 1153 diseamus,
1320 1089 1355 1144 de
1380 1105 1506 1160 quorum
1531 1090 1613 1162 queri
1629 1091 1816 1149 damnatione

989 1191 1047 1230 non
1062 1192 1231 1247 possumus.
1244 1177 1307 1232 Non
1322 1180 1367 1232 est
1381 1177 1460 1233 enim
1470 1177 1612 1251 iniquitas
1622 1180 1698 1251 apud
1711 1180 1814 1250 Deum,

988 1280 1082 1335 neque
1097 1263 1254 1337 quisquam
1271 1265 1325 1321 sub
1336 1265 1449 1336 judicio
1464 1267 1528 1338 ejus
1544 1267 1686 1326 innocens
1702 1269 1786 1342 perit.
1802 1293 1815 1320 »

988 1351 1023 1407 El
1039 1352 1107 1408 item
1124 1353 1153 1408 in
1170 1353 1243 1409 libro
1259 1355 1294 1410 de
1311 1355 1437 1428 lugeatis
1453 1360 1555 1412 contra
1570 1356 1752 1431 Pelagianos,

1238 1513 1245 1527 .
1280 1515 1286 1528 .
1321 1516 1327 1529 .
1363 1515 1370 1529 .
1403 1480 1533 1530 Omnibus
1548 1495 1602 1530 una
1618 1486 1659 1531 est

1021 1541 1128 1599 Natura,
1140 1545 1166 1590 et
1182 1542 1280 1603 {rariter
1294 1546 1434 1606 nequeunt
1445 1547 1471 1592 et
1481 1544 1551 1593 bona
1566 1542 1607 1592 vel
1622 1544 1693 1594 mala
1708 1545 1784 1594 velle.

1019 1603 1051 1650 lit
1064 1607 1154 1651 tanmn
1170 1618 1201 1652 ex
1218 1604 1274 1652 istis
1289 1605 1438 1653 arriseratrix
1453 1606 1537 1664 gratia
1553 1606 1684 1667 quosdam

1020 1665 1106 1727 Eligit,
1122 1669 1148 1713 et
1162 1679 1267 1714 rausum
1282 1668 1386 1725 genitos
1405 1667 1565 1730 baptismate
1581 1668 1709 1717 trarrslert

949 1746 973 1812 B
1020 1728 1048 1775 ln
1064 1741 1176 1790 rugarum
1191 1733 1332 1787 eternum,
1347 1730 1436 1779 multis
1450 1731 1477 1779 iu
1493 1734 1577 1778 morte
1595 1730 1702 1779 relictis.

991 1816 1026 1881 ua
1041 1815 1111 1870 item
1127 1833 1134 1871 :

1023 1913 1072 1970 Qui
1087 1926 1150 1962 vero
1166 1913 1284 1962 tenebris
1298 1928 1373 1963 exem
1387 1914 1415 1963 at
1429 1914 1457 1963 in
1472 1913 1573 1964 lumine
1588 1915 1690 1964 vivunt.

1022 1975 1151 2034 (laudent,
1166 1979 1193 2024 et
1206 1981 1336 2039 qrraetum
1352 1928 1402 2026 sliri
1417 1977 1451 2026 sit
1465 1977 1583 2026 bonitate
1599 1977 1719 2026 vocantis

1023 2037 1175 2095 liirnissnm,
1194 2052 1225 2086 ex
1240 2037 1291 2087 illis
1306 2038 1413 2088 diseunt
1427 2038 1472 2102 qui
1488 2038 1578 2088 aleliita
1592 2039 1709 2088 solvunt.

992 2155 1027 2209 Et
1042 2153 1111 2209 item
1129 2154 1232 2210 beatus
1247 2153 1431 2226 Augustinus
1441 2155 1469 2209 in
1482 2153 1555 2209 libro
1571 2153 1816 2226 Hypomnestieea

992 2242 1040 2298 tit.
1055 2260 1094 2310 m,
1113 2244 1140 2297 ia
1164 2243 1297 2315 princip.)
1309 2241 1380 2298 dicit
1396 2260 1402 2299 :
1419 2265 1428 2295 ι
1448 2243 1531 2298 Prius
1547 2258 1614 2316 erge
1640 2242 1736 2314 ipsum
1763 2258 1817 2298 no-

993 2348 1058 2386 men
1089 2331 1357 2402 praedestinationis
1381 2332 1451 2405 quid
1480 2332 1589 2388 indicet
1612 2347 1816 2406 exponamus:

992 2419 1096 2475 deiude
1111 2437 1175 2477 esse
1190 2421 1267 2492 apud
1285 2421 1446 2494 Deum,qui
1459 2420 1522 2477 sine
1538 2421 1705 2492 acceptione
1720 2436 1818 2493 perso·

993 2526 1097 2565 narum
1114 2514 1168 2576 est,
1185 2509 1471 2581 praedestinationem
1484 2510 1648 2565 divinarum
1660 2509 1821 2583 Scriptura·

993 2615 1058 2652 rum
1074 2599 1246 2654 arroteritale
1262 2598 1464 2671 probabimus.
1477 2598 1696 2653 Prmalestinatio
1712 2597 1820 2670 quippe

993 2704 1010 2741 a
1031 2687 1225 2759 praevidenda,
1243 2692 1271 2742 ct
1301 2686 1512 2759 praeveniendo,
1528 2685 1572 2742 vel
1598 2685 1820 2758 prmordiaaudq

993 2775 1126 2830 laturum
1137 2773 1249 2847 aliquid
1260 2775 1378 2830 dicitnr.
1389 2777 1423 2831 ldt
1434 2775 1497 2831 idco
1509 2775 1596 2841 Deus,
1609 2774 1655 2830 cui
1665 2774 1819 2845 praescieu·
1878 2818 1882 2823 .

992 2863 1034 2919 tia
1044 2881 1101 2919 nan
1113 2863 1248 2919 accidens
1258 2869 1312 2931 est,
1324 2864 1376 2920 sod
1389 2863 1517 2920 essentia
1528 2863 1583 2918 luit
1598 2878 1715 2935 semper
1724 2867 1752 2918 et
1762 2867 1817 2930 ost,

993 2951 1138 3025 quidquid
1155 2957 1312 3025 antequam
1327 2951 1365 3009 sit
1380 2952 1422 3008 sic
1437 2951 1562 3025 praescit,
1579 2949 1776 3022 praedestinat,
1790 2955 1819 3009 et

994 3046 1147 3114 propterea
1161 3041 1358 3115 praedestinat,
1371 3041 1440 3114 quia
1451 3040 1536 3113 quale
1549 3041 1679 3096 luterum
1696 3039 1734 3096 sit
1749 3056 1819 3112 pre-

953 3114 975 3181 (ἶ
994 3130 1058 3187 scil.
1071 3131 1136 3187 ldeo
1152 3136 1180 3187 el
1195 3129 1361 3203 Apostolus,
1378 3131 1447 3186 thm
1463 3145 1528 3202 ques
1549 3130 1695 3202 praescivit,
1711 3127 1816 3200 inquit,

993 3229 1019 3277 et
1031 3220 1237 3293 predestinavit
1251 3221 1337 3292 (llern
1354 3219 1482 3288 v111,29).
1495 3218 1551 3275 Sed
1569 3235 1625 3273 non
1642 3232 1728 3272 omne
1739 3218 1817 3289 quod

993 3307 1109 3381 praescit
1127 3306 1324 3381 praedestinat.
1342 3306 1419 3363 Mala
1444 3307 1523 3362 enim
1539 3311 1655 3362 tanturn
1679 3304 1817 3378 praesoit:

993 3398 1071 3455 bona
1084 3414 1151 3453 vero
1166 3402 1195 3453 et
1210 3395 1325 3470 prescii
1341 3401 1370 3452 et
1384 3395 1582 3470 praedestinat.
1595 3397 1674 3462 Quos
1690 3411 1757 3469 ergo
1773 3392 1822 3450 bo·

993 3502 1064 3542 num
1076 3490 1132 3553 est,
1144 3484 1327 3556 prescientia
1337 3484 1534 3558 praedestinat,
1547 3483 1575 3538 id
1590 3487 1635 3540 est
1647 3483 1821 3555 priusquam

993 3575 1032 3631 sit
1046 3575 1076 3629 in
1093 3590 1123 3630 re
1133 3573 1320 3646 praeordinat.
1331 3574 1389 3629 Hoc
1400 3590 1468 3630 cum
1482 3572 1546 3646 ipso
1557 3575 1674 3629 auctore
1685 3588 1749 3628 esse
1760 3588 1819 3627 coe-

992 3664 1078 3736 perit,
1089 3667 1184 3730 vocat,
1196 3662 1322 3731 ordinat,
1334 3667 1363 3717 et
1374 3661 1513 3735 disponit.
1526 3661 1608 3718 Unde
1624 3665 1652 3717 et
1667 3660 1817 3733 sequitur:

991 3753 1061 3808 liam
1075 3769 1142 3825 quas
1155 3751 1361 3824 pradestinavit
1380 3751 1427 3807 lies
1441 3759 1466 3807 ct
1481 3753 1584 3807 eccard
1598 3770 1606 3806 .·
1622 3758 1648 3806 ct
1662 3767 1728 3823 quos
1744 3765 1820 3807 areca·

992 3843 1032 3898 eit
1047 3841 1108 3898 illas
1124 3849 1150 3898 ct
1165 3841 1352 3914 justificavit:
1369 3856 1435 3913 ques
1457 3848 1547 3896 auum
1566 3840 1741 3912 justificavit,
1759 3838 1820 3894 illas

991 3939 1017 3988 et
1029 3931 1201 4003 clarificant.
1213 3930 1280 3986 Jam
1295 3928 1385 4001 igitur
1399 3928 1528 4002 apertius
1544 3928 1724 3984 disseramus
1740 3927 1818 4007 qued

990 4016 1820 4093 loquimur,quomodoergahumanumgenusprescien-

991 4109 1032 4165 tia
1046 4126 1100 4164 sua
1114 4111 1143 4163 et
1158 4106 1412 4181 predestinatione
1425 4107 1502 4162 Deus
1517 4104 1700 4178 generaliter,
1713 4106 1742 4159 in
1758 4122 1816 4177 quo

990 4198 1132 4272 iniquitas
1148 4214 1205 4253 non
1218 4201 1272 4263 est,
1285 4199 1393 4252 utatur.
1406 4195 1509 4252 Massa
1520 4195 1618 4266 itaque
1632 4193 1753 4249 humani
1769 4209 1815 4266 ge-

990 4286 1078 4355 neris,
1091 4303 1154 4358 quae
1171 4285 1201 4341 in
1215 4286 1307 4341 Adam
1323 4290 1351 4340 et
1367 4289 1423 4339 Eva
1437 4281 1671 4357 praevaricatione
1687 4283 1811 4337 damna-

989 4376 1057 4432 bilis
1072 4375 1262 4447 mortalisque
1286 4375 1361 4430 lacta
1384 4378 1439 4441 est,
1453 4389 1509 4427 non
1525 4370 1690 4440 conditione
1715 4370 1813 4426 divina

989 4462 1172 4538 generaliter,
1189 4465 1239 4519 sed
1256 4479 1289 4518 cx
1311 4461 1409 4517 debito
1431 4477 1517 4533 poena
1540 4459 1746 4533 cruciatusque
1762 4476 1812 4535 ge·

989 4554 1092 4610 henna
1118 4553 1240 4608 debetur
1258 4568 1264 4606 :
1281 4550 1366 4606 tanin
1383 4567 1449 4606 vero
1474 4566 1531 4606 non
1557 4548 1671 4618 merite,
1688 4549 1739 4605 scd
1763 4548 1813 4605 Dei

986 4643 1059 4715 justi
1073 4641 1183 4714 judicis
1198 4640 1404 4697 misericordie
1425 4638 1557 4713 largitate
1571 4639 1729 4695 conlector.
1742 4637 1815 4705 Quia

990 4749 1056 4788 vero
1068 4731 1168 4803 justus
1181 4733 1209 4786 et
1224 4727 1390 4785 misericors
1401 4729 1489 4797 Deus,
1500 4727 1697 4801 praesciusque
1707 4727 1817 4783 futuro·

991 4837 1068 4886 rum,
1088 4837 1122 4875 ex
1146 4819 1200 4875 hac
1225 4818 1385 4874 damnabili
1410 4834 1519 4884 massa,
1536 4834 1592 4872 non
1623 4833 1814 4889 personarum

992 4909 1169 4982 acceptione,
1182 4909 1231 4964 sed
1243 4906 1356 4978 jndicio
1371 4905 1516 4979 equitatis
1533 4924 1592 4962 suae
1607 4904 1815 4978 irreprehensi·

992 4997 1052 5067 bili,
1065 4997 1123 5053 imo
1135 4995 1520 5069 incomprehensibilia&
1532 5013 1605 5068 quos
1616 4990 1817 5050 misericordia

991 5086 1119 5161 gratuita
1144 5085 1270 5158 prescii,
1286 5088 1439 5158 preparat,
1452 5085 1481 5139 id
1497 5089 1541 5140 est
1566 5082 1753 5158 praedestinat
1779 5080 1815 5135 ad

993 5183 1130 5233 aetermam
1146 5177 1245 5230 uitam.
1264 5176 1387 5230 Caeteros
1412 5178 1510 5229 autem
1526 5190 1621 5245 poena,
1639 5175 1671 5226 ut
1685 5166 1815 5242 predixi,

992 5266 1090 5321 debita
1105 5264 1205 5337 punit,
1217 5280 1291 5336 quos
1308 5262 1372 5319 ideo
1388 5264 1482 5336 punit,
1495 5261 1562 5333 quia
1573 5260 1642 5332 quid
1658 5260 1757 5314 essent
1772 5256 1816 5311 iu-

992 5353 1050 5411 turi
1067 5352 1222 5426 praescivit,
1239 5369 1297 5406 non
1313 5356 1412 5408 tamen
1427 5349 1591 5423 puniendos
1611 5348 1672 5422 ipse
1693 5346 1760 5403 lecit
1772 5344 1818 5401 vel

992 5441 1220 5517 predestinavit,
1236 5441 1286 5496 sed
1313 5444 1439 5508 torrium,
1457 5441 1489 5493 ut
1512 5437 1583 5505 dixi,
1601 5437 1630 5492 in
1655 5432 1817 5492 damnabili

993 5548 1093 5591 massa
1116 5528 1296 5606 praescivit.»
1317 5529 1352 5586 ea
1375 5531 1442 5604 post
1465 5525 1639 5601 aliquanta:
1659 5549 1673 5579 a
1700 5524 1819 5603 Oportet

1619 5655 1657 5718 ll
