3824 6096
102 259 160 333 {527
571 251 762 315 eluceant
786 249 1010 313 ananensis
1031 248 1341 313 lacuturlscorr.

102 383 279 443 firmandam
293 380 438 450 heresim,
454 384 592 440 etiterum
607 386 695 455 unca
709 384 792 441 itiam
806 384 925 441 subtra-
939 383 965 467 Α
982 381 1076 439 sancti
1085 381 1215 454 Spiritus
1234 381 1374 439 omnibus
1398 383 1499 439 contra
1512 379 1564 439 ilia
1578 395 1642 452 qua
1657 376 1728 449 divit

103 464 145 546 iit
157 491 164 541 ;
176 477 205 528 et
213 472 312 529 Ariani
327 473 362 528 de
373 473 530 545 livirngclio
545 477 698 530 eraserunt
708 474 786 546 quod
798 473 930 530 Salvator
983 470 1126 544 inspirata
1140 470 1306 527 decreverat
1319 469 1516 526 sentientibus
1535 467 1636 525 intulit
1648 471 1728 540 (apae

103 561 162 642 ait:
179 563 254 639 pata
267 563 339 617 Deus
362 561 483 633 Spiritus
497 570 536 618 cst
550 563 642 635 (tocie.
659 579 697 623 iv,
713 563 769 634 tt).
786 561 929 618 Nolebant
982 564 1042 614 oct.
1056 560 1099 628 ta,
1110 560 1142 615 ia
1150 558 1220 632 fiac)
1234 575 1241 615 :
1259 582 1273 609 a
1287 558 1336 615 llis
1348 558 1486 631 inquiens
1500 574 1569 615 cum
1584 557 1666 614 omni
1679 573 1728 625 api

103 650 314 709 enitueredore
335 651 412 723 quod
442 649 568 723 Spiritus
599 654 719 706 sanetus
747 651 824 706 Deus
853 652 930 705 esset
982 644 1728 721 cautelautquediligentiaanobisformatis,diltta¹

104 738 299 812 omnipotens.
316 737 363 795 Sic
379 742 407 793 et
422 736 464 792 illi
489 739 541 810 qui
566 755 600 794 cx
624 738 683 793 Deo
708 755 764 793 non
791 743 884 804 erant,
900 742 929 794 ct
983 736 1070 793 aliam
1086 737 1174 793 tldom
1189 737 1263 793 nulli
1278 737 1363 793 licere
1378 738 1516 809 prolerre,
1532 742 1583 801 aut
1611 734 1728 801 conseri

103 845 191 902 pravo
205 828 341 901 dogmate
365 843 500 899 separare
523 826 658 883 volebant
681 828 718 882 ab
742 826 871 883 hominis
885 826 929 882 di·
982 841 1201 899 componereve,
1218 831 1267 883 aut
1281 843 1393 899 sapere,
1409 825 1454 882 vel
1478 825 1567 882 etiam
1590 823 1676 882 aliter
1694 824 1728 892 de

104 915 290 991 sponsatione
317 913 500 970 divinitatem
529 914 647 983 Christi,
663 914 841 971 versiculum
871 931 929 987 quo
983 913 1037 983 Qui
1052 931 1119 971 vero
1134 915 1376 988 praesumpserint
1389 915 1478 973 fidam
1494 911 1674 983 alteram,vel
1688 928 1728 981 oo:

104 992 222 1073 dieitur,
238 1013 264 1077 et
278 1005 367 1062 omnis
396 1004 512 1076 spiritua
539 1005 588 1077 qai
613 1004 695 1061 soluit
719 1005 810 1061 lesam
827 1020 864 1060 ex
877 1005 931 1061 lico
984 1019 1061 1072 nere,
1086 1003 1130 1059 vel
1160 1004 1297 1077 prolerre,
1321 1003 1365 1060 vel
1395 1004 1509 1072 docere,
1532 1003 1577 1060 vel
1605 1002 1728 1073 tradere,

103 1084 161 1179 qen
173 1101 213 1153 est
224 1093 248 1169 (l
260 1094 338 1155 ioca.
349 1110 388 1161 1v,
399 1091 437 1164 3),
449 1109 483 1148 ex
494 1091 617 1165 epistola
631 1092 754 1150 loannis
767 1098 928 1166 eraserunt,
984 1090 1150 1165 symbolum
1159 1091 1324 1149 volentibus
1335 1091 1463 1150 converti
1473 1092 1509 1148 ad
1521 1090 1728 1165 agnitionem!

105 1174 143 1269 qe
156 1198 208 1261 por
231 1181 435 1265 auctoritatem
460 1180 524 1250 ojus
549 1180 790 1238 convincerentur
811 1182 928 1240 erroris.
984 1179 1033 1255 tis,
1049 1196 1083 1236 ex
1105 1179 1278 1253 gentilitate,
1293 1180 1338 1238 vel
1363 1199 1398 1238 ex
1420 1182 1586 1248 ludaismo,
1615 1180 1728 1250 aum

105 1269 329 1342 mitemque
351 1268 503 1329 Nestorius
528 1268 638 1325 nescire
662 1287 693 1327 se
709 1270 836 1343 prodidit
854 1270 930 1327 hanc
985 1268 1115 1347 qualibet
1129 1269 1242 1337 haeresi,
1259 1275 1311 1326 aut
1330 1270 1380 1343 qui
1403 1271 1561 1337 novitatem
1585 1269 1675 1336 vocis,
1689 1266 1728 1339 mj

106 1349 282 1429 authenticis
292 1357 929 1431 exemplaribusinditamfuissesontcntiam,
984 1358 1081 1419 monis
1092 1358 1338 1427 adinventionem,
1352 1360 1387 1414 ad
1403 1358 1623 1416 subversionem
1636 1372 1728 1427 eqrnq

106 1434 193 1535 ctqpe
203 1436 389 1531 ideo'solvere
405 1464 462 1503 non
477 1447 575 1503 timuit
590 1448 702 1515 Jesum,
713 1465 748 1504 ac
762 1465 793 1505 se
808 1465 861 1521 pro
875 1449 931 1506 boo
985 1463 1063 1503 nunc
1074 1464 1091 1502 a
1102 1447 1187 1503 nobis
1202 1447 1397 1504 determinata
1411 1451 1480 1503 sunt
1494 1446 1689 1516 introducere,
1704 1443 1728 1517 lc

106 1536 521 1611 reddareextranoum,dicens
532 1537 647 1593 beatam
657 1535 800 1609 virginem
808 1537 931 1595 Mariam
985 1534 1104 1611 quidem
1129 1534 1258 1608 episcopi
1282 1534 1390 1591 tuerint
1414 1538 1466 1592 aut
1493 1531 1728 1603 denotationes

107 1644 164 1697 non
179 1612 231 1685 bei
245 1625 296 1683 sed
312 1624 442 1681 hominis
456 1627 572 1681 tantum
587 1624 737 1682 exstitisse
747 1625 929 1700 genitricem,
985 1623 1137 1698 episcopos
1161 1623 1198 1679 ab
1221 1623 1401 1697 episcopatu,
1418 1622 1539 1680 clericos
1561 1638 1629 1689 vero
1650 1619 1728 1695 aclq

105 1700 140 1785 qt
148 1715 236 1796 aliam
251 1730 407 1789 personam
422 1713 562 1787 hominis,
577 1703 666 1771 aliam
681 1715 788 1773 iaceret
802 1716 930 1786 deitatis,
986 1716 1085 1769 autem
1097 1711 1232 1770 monachi
1241 1708 1728 1785 suerintautlaici,anathemctisu

105 1789 201 1890 neque
216 1820 309 1885 unum
324 1803 474 1863 Christum
490 1803 520 1860 in
531 1803 625 1861 Verbo
640 1805 691 1860 Dei
707 1810 831 1863 etcarne
843 1810 931 1879 atque
987 1804 1022 1858 lit
1036 1802 1275 1876 subscripserunt
1290 1805 1408 1858 centum
1423 1798 1639 1875 quinquaginta
1651 1796 1728 1873 epicc

107 1878 352 1969 animacrcdens,
366 1894 417 1950 sed
434 1892 592 1967 seperatim
617 1893 742 1951 alterum
758 1894 865 1967 Filium
880 1896 931 1953 Dei
985 1891 1094 1950 Deinde
1110 1891 1295 1968 prosequitur
1309 1888 1528 1949 Gothescalcus.

106 1968 232 2066 dcirca
256 1981 386 2061 neminis
414 1982 587 2055 predicans.
604 1984 639 2041 m
655 1983 734 2040 reris
748 1983 931 2058 urgellitanae
1370 2012 1420 2069 ΠΙ,

107 2072 256 2157 quondam
271 2068 397 2152 civitatis
411 2069 566 2144 episcopus
590 2069 700 2141 inlelix,
718 2072 748 2129 in
764 2072 838 2131 libro
853 2072 931 2141 beati

106 2158 271 2244 Hilarii,ubi
281 2158 359 2219 idem
370 2165 490 2217 sanctus
501 2160 627 2218 dixerat:
642 2183 655 2213 κ
666 2161 769 2219 Carnis
777 2161 931 2221 humilitas

105 2249 254 2333 adorctur,
269 2269 284 2305 v
308 2252 444 2330 'temporo
470 2249 565 2307 Caroli
600 2249 700 2324 Magni
733 2249 930 2323 imperatoris,

104 2336 495 2422 quoscunquehiaccodioes
504 2336 631 2411 arripere
642 2339 780 2412 potuit,in
791 2338 930 2397 omuibus

104 2426 287 2509 adulteravit,
299 2425 396 2510 carnis
411 2424 564 2483 humilitas
579 2427 783 2503 adoptatur‚ut
797 2427 866 2502 quia
879 2445 931 2501 per

101 2508 253 2595 toritatem
269 2506 326 2572 non
344 2519 466 2597 poterat,
481 2517 516 2571 de
526 2516 678 2573 mendacio
692 2534 776 2573 suom
792 2512 932 2590 astipula-

103 2609 184 2667 retur
196 2605 385 2669 senteutiam.
403 2604 450 2661 Sic
465 2609 494 2660 et
508 2605 564 2661 iste
580 2604 759 2662 adulterator
775 2606 930 2662 verborum

103 2683 181 2777 beati
190 2692 357 2775 Augustini,
365 2694 451 2765 Juxta
465 2693 544 2766 quod
560 2693 702 2767 scriptum
717 2698 771 2763 cst,
788 2694 841 2764 Qui
854 2711 872 2752 c
885 2711 929 2752 se·

103 2783 215 2857 metipso
243 2781 365 2856 loquitar
394 2783 537 2855 propriam
564 2782 683 2853 pieriam
711 2784 813 2856 querit
840 2785 929 2854 (loca.

104 2861 153 2940 νὴ,
170 2853 225 2939 18),
242 2870 277 2928 de
292 2870 409 2953 proprio
435 2869 635 2939 mendacium,
652 2875 685 2927 ut
698 2871 818 2945 gloriari
832 2876 931 2945 posset
983 2922 1019 2979 ι,
1128 2920 1198 2977 ,Η
1259 2920 1286 2976 d.
1351 2924 1361 2976 t
1424 2920 1460 2975 t.
1582 2919 1650 2976 ,me

104 2960 243 3043 adverscs
255 2959 417 3039 veritatem,
429 2958 543 3017 veritati
557 2959 701 3017 inseruit:
716 2961 863 3034 quomodo
874 2962 930 3018 Go·
997 2938 1092 2979 rmum
1107 2936 1245 2994 poeaem
1280 2937 1347 2977 ¹⁰⁰³
1376 2935 1461 2993 ΠΜ
1477 2936 1589 2989 ¹¹⁰oe⁸⁸¹
1652 2934 1728 2993 ’qm

104 3034 270 3133 tbescalcus
284 3048 435 3106 veritatem
451 3052 596 3122 quantum
611 3066 647 3105 ex
661 3049 725 3124 ipso
740 3048 829 3107 estin
845 3067 930 3108 men·
984 3010 1156 3089 prejudicat
1169 3008 1267 3066 libel&
1292 3009 1360 3065 fidei
1375 3008 1567 3082 Simplicium,
1583 3007 1728 3083 Augusti!

103 3124 221 3217 dacium
240 3136 439 3216 commutavit,
456 3139 535 3194 trina
562 3156 615 3212 pro
642 3143 687 3195 ter
712 3098 1568 3244 velTrinitatisC‘gihiuuffsuffi’atque1³¹?eti¹¹⁸.’⁸i⁰¹¹ti·n
1593 3098 1648 3198 ¹3⁰⁰
1676 3114 1728 3191 ομ

952 3214 955 3219 -
1004 3194 1070 3244 retis
1085 3187 1204 3244 illorum
1218 3187 1309 3244 lector
1325 3191 1462 3258 inveniet,
1479 3188 1696 3252 contradicunt.
1711 3186 1728 3259 S

104 3216 254 3298 deitatem
267 3214 355 3291 sexta
366 3226 469 3299 synodi
481 3227 575 3282 edicto
590 3227 761 3283 immutans.
778 3227 852 3283 Nam
862 3231 890 3284 et
904 3228 929 3284 si
984 3277 991 3291 ,
1207 3276 1213 3290 ,
1317 3276 1323 3289 ·
1348 3275 1354 3288 Ι

103 3298 190 3372 itaut
203 3313 240 3371 ab
254 3299 291 3373 eo'
303 3312 500 3370 adulteratum
514 3315 672 3383 credimus,
684 3331 719 3370 cx
729 3315 829 3372 Graeca
838 3315 929 3373 inter·
983 3279 1061 3334 Μ
1077 3277 1252 3333 prndenmffl
1268 3277 1370 3333 ΨΜ
1389 3292 1395 3332 ²

103 3390 264 3485 pretatione
276 3401 307 3465 in
320 3403 422 3459 eodem
438 3402 596 3459 haberetur
609 3404 762 3471 edicto,vel
778 3404 802 3461 si
819 3405 849 3461 in
864 3405 929 3464 aliis
1060 3385 1112 3497 gg
1122 3383 1721 3510 qclffgfflffieffi?{gffgff-ffigsf'fficetffi·

102 3470 186 3571 libris
200 3476 324 3549 vetustis
338 3490 380 3549 ito
395 3491 431 3547 ab
446 3490 596 3565 aliquibus
611 3491 711 3549 haberi
731 3494 928 3563 contenditur,
1060 3508 1194 3572 najoaras,
1209 3509 1324 3569 nonius,
1341 3513 1368 3559 et
1381 3510 1465 3572 pietas
1480 3514 1535 3569 tua,

58 3611 61 3615 -
104 3595 156 3661 nec
167 3577 210 3662 sic
219 3579 359 3663 quiddam
372 3579 502 3655 suffragii
514 3596 549 3636 cx
559 3579 614 3636 hoc
624 3580 854 3653 Gothescalcirel
865 3584 930 3655 ejus
1061 3572 1183 3636 ¹¹⁶8¹¹¹¹¹¹¹
1198 3572 1336 3621 wulfinum
1349 3571 1460 3621 flumine
1475 3572 1582 3634 lillffissis

103 3667 812 3747 complicumadinvcntiopotietur‚quiaGracitas
819 3671 930 3729 idioma
986 3668 1027 3724 vol
1042 3668 1119 3743 sicut
1134 3668 1165 3723 in
1181 3668 1359 3740 quibusdam
1374 3668 1526 3726 codicibus
1541 3668 1728 3740 invenitus-,cc

103 3744 439 3839 esnelinguequadam
446 3760 815 3834 rectepotestetierrc,qua
825 3760 929 3823 Latine
983 3758 1097 3831 tripiici.
1110 3756 1190 3824 Quod
1205 3762 1325 3814 sanctus
1339 3758 1523 3825 Ambrosius,
1530 3757 1665 3815 videlicet
1672 3756 1728 3831 qui

102 3843 206 3927 licgua
221 3846 347 3903 maxime
362 3846 397 3901 dc
412 3844 458 3901 his
473 3863 537 3919 quac
552 3848 700 3919 pertinent
713 3848 750 3904 ad
766 3848 854 3907 fldem
870 3867 928 3906 non
983 3862 1290 3917 numemneonomcn,
1301 3846 1332 3902 in
1342 3847 1401 3903 Deo
1411 3846 1462 3919 qui
1473 3847 1568 3904 trinus
1580 3851 1625 3904 est
1635 3847 1666 3903 in
1675 3862 1728 3920 per

104 3932 217 4007 recipit.
234 3933 307 3989 Nam
323 3933 352 3990 in
368 3938 472 3991 sancta
499 3934 640 3992 ‘trinitate
669 3935 762 3993 Putris
776 3942 806 3993 et
821 3936 885 3995 Filii
900 3944 930 3996 et
983 3939 1011 3991 et
1027 3952 1103 3992 unus
1119 3935 1149 3991 in
1165 3935 1397 4005 deitate,trinum
1413 3935 1457 3992 vel
1472 3935 1577 4009 triplex
1588 3935 1647 4004 dici
1661 3935 1728 4007 debr

1028 2121 1135 2187 -1-«Sio
1145 2120 1223 2193 enim
1235 2118 1532 2191 dictaestaProspero
1544 2118 1622 2173 trina
1634 2115 1728 2190 malea

987 2232 998 2261 a
1012 2207 1401 2281 Prudentiotrinapietes,ab
1408 2197 1528 2277 Aratore
1536 2206 1581 2279 bis
1588 2206 1728 2289 trinepote

988 2299 1059 2355 asic
1075 2304 1103 2355 et
1118 2316 1135 2355 a
1149 2297 1256 2371 Graecis
1270 2306 1405 2377 τρισάγιον,
1428 2315 1445 2354 a
1474 2296 1585 2354 Latinis
1614 2290 1722 2367 autem'

986 2410 1001 2439 «ι
1017 2387 1142 2461 proprie,
1160 2385 1342 2460 regulariter,
1353 2391 1441 2460 atque
1456 2384 1695 2456 catholicatrina
1707 2400 1728 2443 ιι

985 2502 998 2528 a
1016 2483 1063 2535 tas
1075 2495 1082 2534 :
1094 2494 1128 2555 ae
1138 2493 1189 2549 per
1199 2476 1254 2532 hoc
1265 2475 1342 2548 sieut
1356 2475 1392 2532 ab
1407 2475 1448 2532 eis
1461 2472 1691 2545 catholicissime
1705 2472 1728 2547 tl

985 2591 999 2619 u
1015 2575 1158 2641 spitamete,
1189 2566 1231 2622 sic
1259 2569 1288 2621 et
1316 2582 1334 2620 a
1360 2564 1446 2622 nobis
1477 2561 1707 2637 catholicissime

987 2656 1120 2712 «deitas.
1136 2677 1150 2705 a

1019 2761 1066 2801 xr.
1083 2743 1164 2813 Quod
1181 2743 1216 2799 ad
1232 2741 1435 2799 testimonium
1458 2758 1519 2799 sua
1534 2739 1707 2819 assertionis

984 2833 1125 2907 quoniam
1139 2833 1242 2889 Arator
1259 2832 1367 2888 trinam
1391 2835 1576 2904 potestatem,
1592 2835 1621 2887 et
1635 2830 1728 2889 Prudc

104 4016 231 4103 Spiritus
242 4021 337 4079 sancti
347 4021 437 4079 Greci
449 4039 538 4079 unam
549 4024 651 4082 dieunt
667 4024 824 4082 essentiam
833 4031 862 4082 et
869 4033 928 4084 tres
982 4023 1065 4081 initio
1091 4023 1179 4098 primi
1204 4022 1271 4080 libri
1292 4028 1367 4097 (cap.
1385 4023 1410 4097 1)
1425 4024 1460 4081 de
1476 4025 1545 4082 Fide
1560 4025 1670 4083 refutat
1682 4023 1728 4089 dic

102 4107 926 4194 suatimsubstantiasprosubsistentiis,idestparsonis,
983 4134 997 4162 u
1014 4111 1168 4181 Dominus,
1185 4112 1290 4186 inquit,
1305 4118 1336 4170 et
1360 4113 1508 4186 Deus,ch
1537 4114 1615 4187 quod
1643 4112 1728 4181 domi

102 4198 181 4275 qqod
193 4198 297 4283 Latina
318 4198 420 4282 lingua
435 4217 493 4257 non
506 4200 619 4275 recipit,
636 4205 666 4257 et
679 4201 878 4275 interpretatio
893 4220 928 4261 ex
982 4200 1189 4270 omnibus,vel
1218 4203 1296 4274 quod
1326 4206 1436 4275 spectet
1466 4202 1575 4271 omnia,
1591 4206 1620 4258 et
1638 4202 1728 4273 timer

100 4287 233 4371 verboad
242 4286 455 4357 verbum,sicut
466 4289 695 4363 saepcpropriam
705 4291 926 4349 consonantiam
982 4289 1106 4346 cunctis.
1124 4289 1154 4345 Si
1179 4305 1247 4363 ergo
1275 4306 1354 4346 unus
1383 4290 1471 4360 Deus,
1492 4306 1585 4347 naum
1614 4304 1728 4363 nomcp

101 4374 233 4447 perdere,
247 4374 290 4433 ita
316 4374 509 4451 intelligentia
536 4376 610 4434 solet
637 4394 745 4446 carere,
761 4382 791 4435 et
805 4396 926 4438 sonsum
982 4382 1122 4453 potestas,
1138 4394 1198 4434 una
1212 4382 1257 4434 est
1271 4377 1398 4436 trinitas.
1414 4380 1546 4452 Denique
1560 4378 1634 4435 dicit
1650 4395 1657 4434 ι
1671 4378 1714 4437 Ite

101 4461 167 4525 fidei
173 4454 353 4549 perturbare.
365 4464 447 4522 Unde
455 4466 544 4524 ctiam
553 4466 727 4539 potestfieri,
740 4469 774 4522 ut
783 4464 927 4543 interpres
942 4496 966 4563 D
981 4475 1073 4524 matos
1087 4467 1117 4522 ia
1140 4467 1251 4523 neniae
1278 4468 1370 4524 Patras
1398 4476 1424 4525 et
1446 4470 1513 4530 Filii
1535 4477 1561 4526 et
1582 4467 1728 4540 Spiritus¹

100 4549 195 4635 ipsius
203 4551 302 4619 edicti,
312 4553 433 4610 verbum
448 4571 483 4610 cx
496 4555 583 4611 verbo
600 4554 807 4629 interpretans,
818 4573 926 4634 sanum
981 4555 1084 4626 (datm.
1098 4556 1307 4627 xxv111,19).ln
1318 4557 1437 4613 nomine
1446 4558 1558 4631 utique,
1569 4573 1627 4614 non
1638 4556 1670 4619 in
1680 4575 1728 4629 qur

102 4655 223 4721 sensum
233 4638 442 4713 interpretatus
454 4660 512 4700 non
522 4644 619 4701 luerit.
632 4644 691 4702 Nos
703 4649 812 4716 nutem,
824 4650 857 4703 ut
871 4649 927 4707 Leo
982 4643 1249 4716 bus‚utuniusesse
1260 4645 1435 4703 Trinitatem
1445 4646 1601 4719 potestatis
1611 4648 1728 4707 ostend

101 4724 205 4803 scribit
214 4727 251 4793 ad
261 4728 416 4787 Rusticum
426 4731 647 4789 Narbonensem
655 4733 826 4808 episcopum
837 4736 927 4810 (epist.
981 4734 1017 4793 tlt
1027 4733 1098 4790 item
1108 4734 1209 4806 (cept)
1223 4749 1230 4789 :
1244 4756 1259 4784 «
1270 4733 1330 4791 Nos
1340 4734 1454 4793 Patrem
1465 4734 1609 4792 etlilium
1618 4739 1650 4795 et
1664 4736 1728 4810 spir

101 4816 147 4897 95,
163 4818 194 4875 ia
205 4817 331 4891 procem.)
347 4817 376 4875 id
392 4819 559 4879 noverimus
574 4823 767 4895 sequendum,
782 4825 859 4898 quod
875 4842 928 4882 nec
982 4827 1117 4879 sanctum
1133 4823 1315 4893 confitemur,
1332 4824 1374 4881 ita
1387 4828 1420 4880 ut
1434 4823 1466 4880 in
1481 4823 1625 4881 'trinitate
1635 4825 1728 4897 perfer

101 4905 255 4992 preceptis
292 4906 465 4980 evangelicis
502 4910 692 4981 contrarium,
723 4928 777 4969 nec
804 4913 928 4971 decretis
982 4911 1132 4984 plenitudo
1143 4910 1304 4968 divinitatis
1319 4912 1367 4981 sit,
1383 4916 1413 4970 et
1427 4913 1526 4977 unitas
1540 4912 1728 4989 potestatis:

101 5000 270 5059 sanctorum
280 4994 445 5055 inveniatur
454 5000 736 5072 adversum,quibus
747 5018 837 5059 unam
847 5018 927 5058 eam·
982 5001 1168 5056 tantumdem
1178 4999 1264 5073 valet,
1277 5018 1309 5057 ac
1324 5002 1349 5057 si
1366 5001 1474 5059 diceret
1486 5019 1493 5060 :
1505 5003 1604 5061 unitas
1618 5004 1728 5069 numia

99 5084 224 5171 demque
234 5084 372 5143 deitatem
385 5085 502 5160 plenam
514 5092 600 5161 atque
616 5090 776 5161 perlectam
792 5090 926 5148 intribus
980 5094 1102 5146 sanctus
1115 5089 1340 5162 Augustinnsin
1350 5090 1425 5148 libro
1435 5097 1517 5150 sexto
1533 5093 1603 5166 (cap.
1613 5093 1643 5167 8)
1659 5093 1728 5154 de'l

98 5170 206 5250 sancte
220 5177 249 5230 et
264 5172 467 5248 inseparabilis
484 5176 637 5233 Trinitatis
652 5177 787 5250 personis
808 5179 926 5237 credere
980 5181 1040 5236 tate
1055 5176 1144 5235 dicit:
1161 5178 1260 5235 «Cum
1280 5184 1381 5237 tantus
1406 5181 1445 5237 sit
1459 5181 1540 5241 solus
1555 5182 1651 5255 Pater,
1665 5181 1718 5249 vel

97 5264 127 5343 et
140 5262 272 5329 contltcri
287 5263 392 5321 debore
412 5265 591 5337 accepimus.
608 5268 790 5339 Quapropter
803 5269 926 5327 damna·
981 5265 1129 5336 Filiusvel
1139 5267 1221 5325 solus
1236 5267 1362 5341 Spiritus
1377 5274 1511 5341 sanctus,
1521 5275 1728 5344 quantusestr

96 5350 207 5437 tiocem
234 5351 380 5425 prolatam
403 5352 440 5409 ab
462 5353 565 5409 eadem
596 5371 680 5411 sacra
708 5359 789 5412 sexta
816 5358 926 5430 synodo
981 5356 1065 5413 Pater
1088 5360 1118 5414 et
1141 5356 1233 5415 Filius
1256 5362 1285 5414 et
1308 5358 1436 5431 Spiritus
1461 5365 1593 5431 sanctus,
1609 5360 1694 5421 nullo
1726 5382 1728 5419 :

98 5410 321 5517 ticttpescalcam
336 5438 496 5499 incurrisse
511 5446 600 5514 atque
615 5442 743 5513 perterre
757 5442 927 5504 nullatenus
980 5445 1085 5520 triplex
1099 5444 1242 5503 dicendus
1267 5451 1322 5513 est,
1338 5447 1481 5520 quianon
1497 5455 1614 5524 estque
1629 5466 1728 5515 craece

97 5520 278 5601 dubitamus,
294 5543 384 5605 quam
398 5528 519 5604 praelata
542 5533 645 5591 sancta
669 5531 799 5608 synodus
809 5533 924 5610 judicio
980 5533 1129 5610 perfectio,
1145 5535 1292 5611 perlectus
1315 5541 1413 5597 autem
1432 5538 1493 5599 sive
1516 5539 1612 5610 Pater,
1627 5539 1728 5607 aive!
