3810 6098
676 278 867 344 aracussi
888 280 1172 349 tuasetuuruu.

67 420 1772 449 Ἣ

869 527 976 595 XX.
1004 541 1007 551 “

168 665 442 728 tuttaatuauuet
459 665 564 737 QUOD
578 666 1158 811 fflNGMARUtbidachtgletEnqiitfflffls
1179 673 1309 734 EDERE
1323 673 1465 737 JUSSUS
1480 677 1553 738 EST
1567 681 1671 742 APUD

503 876 599 949 (Apud
615 877 762 934 Sirmond.
778 894 812 933 ex
827 878 926 936 codice
941 880 1106 938 Belvacensi
1123 887 1151 938 ct
1165 884 1341 958 Leodieusi.)

866 1027 972 1040 Q

102 1129 152 1184 Sic
167 1125 306 1200 promitto
321 1141 384 1197 ege.
401 1124 469 1196 quia
485 1125 520 1180 dc
542 1125 597 1181 isto
622 1125 669 1181 dio
692 1127 825 1182 inantea
844 1126 893 1184 isti
906 1127 936 1196 Α
950 1146 1008 1185 nen
1030 1131 1164 1187 convenit
1185 1118 1322 1205 'Apostelo
1344 1134 1451 1190 dicenti
1469 1152 1475 1190 :
1492 1136 1550 1193 Noa
1576 1138 1639 1211 ptus
1665 1156 1770 1212 sapere,

65 1215 176 1273 seniori
191 1231 257 1270 mee
272 1212 404 1285 quandiu
419 1212 516 1267 vixero
533 1211 638 1278 fidelis,
656 1217 684 1267 ct
700 1213 848 1281 obediens,
866 1217 894 1270 et
947 1235 1028 1290 qruun
1043 1229 1144 1290 opertet
1157 1238 1261 1292 sapere,
1271 1222 1316 1277 sed
1338 1239 1432 1295 sapere
1447 1224 1481 1303 ad
1495 1227 1668 1282 sobrietatem
1681 1229 1768 1297 (Rau.

64 1306 433 1376 adjutor,quantecunque
448 1299 514 1372 plus
528 1305 556 1356 et
572 1299 678 1355 melius
694 1301 786 1357 sciere
802 1307 831 1357 ct
846 1318 894 1373 pe·
946 1324 996 1373 xri,
1012 1309 1064 1376 13),
1082 1309 1111 1363 id
1127 1314 1172 1364 est
1188 1311 1224 1364 ad
1241 1311 1475 1382 temperantiam.
1488 1314 1522 1368 Et
1537 1316 1771 1375 sanetuspeqffl,

63 1400 161 1458 tuero,
173 1398 201 1447 et
217 1389 337 1446 consilio
353 1394 381 1445 et
392 1388 683 1454 auxilio,secundum
700 1406 798 1445 meum
809 1389 893 1446 mini·
946 1395 1136 1468 interroganti
1153 1414 1184 1454 se
1199 1398 1333 1468 Domino,
1349 1400 1450 1470 Diligis
1464 1418 1507 1457 aee
1523 1402 1587 1473 ptus
1601 1404 1664 1458 bis?
1678 1407 1768 1475 (leon,

64 1482 190 1538 sterium
207 1480 237 1535 in
253 1479 390 1535 omnibus
406 1495 464 1543 ero,
477 1478 587 1550 absque
598 1478 700 1534 fraude
715 1483 745 1534 et
759 1479 835 1535 male
851 1479 893 1534 in·
946 1484 1116 1557 xx1,ltt)q11i
1133 1485 1267 1542 meminit
1278 1487 1450 1544 imminente
1466 1490 1530 1560 ejus
1546 1492 1683 1563 passione
1702 1493 1770 1566 plus

64 1570 162 1644 genio,
174 1572 203 1625 et
214 1569 325 1640 absque
340 1567 401 1622 ulla
416 1566 569 1622 dolositate
593 1584 644 1623 seu
669 1567 846 1639 deceptione,
864 1571 893 1624 et
945 1571 1001 1628 sibi
1017 1575 1187 1630 constantiae
1200 1575 1337 1631 tribuisse
1348 1594 1436 1648 quem
1448 1577 1578 1647 haberet,
1590 1579 1705 1637 cautius
1715 1597 1771 1638 sua

64 1662 179 1731 ubsque
187 1662 318 1729 respectu
331 1655 456 1727 alicujus
468 1672 607 1727 persona,
619 1661 648 1711 et
663 1672 756 1728 neque
771 1673 823 1729 per
833 1674 890 1723 me,
944 1660 1114 1719 infirmitate
1129 1664 1261 1720 eruditus
1275 1682 1332 1720 non
1350 1666 1584 1739 respondit,plus
1595 1668 1642 1725 his
1653 1673 1768 1738 amota,

66 1764 165 1820 neque
181 1763 233 1819 per
255 1745 390 1809 missum,
407 1760 501 1815 necque
516 1760 567 1814 per
581 1742 702 1810 litteras,
721 1745 770 1800 sed
798 1761 891 1816 neque
944 1752 995 1806 sed
1011 1752 1080 1824 quia
1095 1768 1161 1808 erno
1176 1757 1214 1809 te.
1231 1754 1349 1810 Rectius
1365 1754 1454 1828 igiter
1468 1756 1579 1812 dictum
1595 1762 1650 1824 est,
1666 1757 1770 1815 Secun-

63 1855 117 1914 per
131 1836 272 1894 emissam
286 1835 328 1890 vol
345 1834 545 1889 intromissam
570 1850 737 1905 personam,
751 1834 796 1890 vel
816 1852 889 1907 quo·
943 1840 1008 1895 dum
1022 1858 1112 1896 merem
1126 1844 1196 1898 seire
1210 1849 1236 1898 et
1248 1860 1335 1914 pesse,
1351 1860 1440 1916 quam
1457 1861 1463 1899 :
1482 1845 1694 1920 Queaaeecaeqee
1704 1849 1770 1921 ptus

63 1944 183 2001 cunque
198 1927 285 1982 medo
300 1942 333 1981 ac
349 1924 571 1997 significatione,
584 1928 685 1979 centra
700 1941 787 1979 suum
802 1925 892 1981 hono·
943 1936 969 1984 ct
981 1931 1080 1985 rectius
1091 1932 1176 1987 sciere
1190 1940 1216 1987 et
1226 1941 1348 2003 potuere.
1364 1933 1445 1998 Quod
1461 1938 1558 1990 autem
1573 1936 1702 2008 positum
1713 1939 1768 2006 est,

62 2021 174 2085 rem,et
189 2033 273 2073 suam
289 2031 322 2070 ac
338 2012 471 2068 Ecclesia
487 2016 574 2083 atque
589 2011 670 2083 regni
687 2012 728 2068 illi
739 2012 889 2071 commissi
943 2019 1095 2074 consiliose
1109 2021 1217 2074 auxilie
1233 2020 1381 2092 superflue
1396 2020 1530 2078 additum
1542 2025 1678 2081 estlnee
1689 2024 1768 2082 enim

61 2106 191 2179 quietem
202 2110 231 2161 et
241 2101 483 2177 tranquillitatem
493 2100 892 2172 atquesoliditatemmachi·
943 2108 1018 2178 qued
1036 2107 1106 2175 dixi,
1118 2107 1266 2164 secuudum
1293 2125 1384 2165 aecum
1406 2111 1487 2177 scire,
1503 2111 1671 2178 consilium,
1688 2117 1717 2168 et
1739 2112 1768 2168 in

60 2197 148 2263 nabe,
165 2193 209 2250 vel
225 2191 404 2248 machinanti
430 2191 629 2257 consentiam
647 2207 741 2262 neque
757 2208 888 2262 uniquam
942 2211 975 2249 co
986 2196 1064 2266 quod
1075 2197 1299 2258 elixisccaraium
1314 2214 1405 2254 seeum
1414 2215 1499 2271 pesse,
1514 2200 1657 2255 auxilium
1672 2201 1768 2257 conti.

59 2284 179 2357 aliquod
198 2280 369 2338 scandalnm
383 2280 512 2345 movebo,
522 2280 598 2351 qnod
612 2278 692 2334 illius
702 2278 888 2351 praesemivel
941 2288 1036 2338 rietur.
1049 2284 1129 2349 Qirod
1146 2285 1264 2357 scripsit
1279 2285 1375 2341 scriba
1389 2274 1504 2350 doetus,
1516 2287 1670 2344 secundum
1678 2306 1771 2345 meum

60 2374 166 2429 fullffae
182 2368 270 2426 Ssslllli
284 2368 430 2424 contraria
444 2369 488 2422 Vel
508 2367 610 2422 nociva
635 2384 699 2422 csse
722 2368 823 2438 possit.
840 2368 888 2423 Sic
939 2374 1172 2441 mietistt're'am,in
1187 2377 1314 2430 eereitas
1328 2377 1433 2431 scilieet
1445 2376 1544 2447 fidelis,
1557 2386 1582 2433 et
1597 2378 1769 2447 obediemus

58 2480 105 2518 me
122 2462 200 2516 Deus
215 2460 341 2530 adjuvet,
359 2461 386 2511 et
402 2456 461 2511 ista
475 2461 576 2511 sancta
591 2455 761 2527 patrocinia.
941 2461 1049 2531 adjutor
1062 2478 1118 2531 ere,
1135 2467 1237 2517 contra
1252 2464 1495 2520 consuetudinem
1507 2465 1768 2540 juramenti‚quod

94 2549 240 2605 llinemari
254 2549 281 2602 ie
299 2545 372 2601 istem
382 2545 573 2615 jurameutum
588 2544 849 2601 animaduersiones.
942 2549 1087 2621 principes
1103 2553 1131 2605 et
1145 2551 1257 2606 domini
1273 2551 1335 2606 suis
1351 2552 1494 2623 subjectis
1514 2559 1544 2609 et
1568 2555 1657 2611 etium
1677 2555 1768 2613 servis

94 2637 177 2704 Quod
195 2636 223 2690 in
239 2636 294 2690 islo
305 2635 473 2705 juramento
485 2632 617 2688 ultselute
628 2633 756 2704 positum
768 2640 811 2687 cst
823 2650 829 2687 :
842 2635 888 2689 Sic
936 2639 1037 2708 jurare
1044 2639 1303 2711 jubentascripsit.
1317 2640 1398 2696 Sicut
1413 2643 1491 2696 onim
1508 2643 1660 2715 Scriptura
1671 2644 1742 2700 dicit
1758 2661 1765 2700 ι

57 2728 187 2800 promitte
211 2740 269 2793 see,
285 2722 413 2778 lacobus
441 2721 592 2792 apostolus
620 2721 888 2790 contradicit20ai
939 2727 1144 2781 el'eaestleeme
1161 2729 1188 2781 ia
1207 2735 1279 2783 terra
1296 2731 1344 2798 qai
1364 2731 1452 2799 saciet
1474 2729 1584 2800 leuem,
1601 2739 1769 2803 etaeapec·

59 2816 206 2886 feneretis,
221 2811 368 2884 inquiens,
384 2810 451 2882 qaid
465 2813 500 2865 sit
515 2813 545 2865 ia
559 2812 798 2882 crastinumque
811 2827 842 2866 ce
857 2817 888 2866 at
940 2815 1075 2882 cet(l’sat.
1092 2832 1152 2882 xnr,
1178 2817 1203 2881 l,
1223 2817 1251 2887 3)
1268 2832 1274 2870 :
1292 2820 1319 2871 et
1347 2816 1474 2874 Jeeobus
1503 2818 1647 2874 dicitgpn
1669 2821 1765 2876 mum,

57 2905 158 2961 demea
173 2918 180 2958 :
198 2902 229 2959 Si
244 2903 373 2957 Dominus
388 2900 514 2964 oetaeis,
529 2899 669 2970 feriremus
682 2898 731 2954 bec
753 2907 800 2953 eut
816 2898 887 2954 iilud
939 2906 1014 2959 euim
1028 2902 1190 2975 effeeedimus
1203 2921 1294 2960 eruees
1308 2905 1376 2977 (lec.
1389 2922 1431 2974 111,
1446 2909 1485 2974 2),
1503 2922 1570 2962 cum
1586 2907 1694 2963 Christi
1709 2907 1765 2965 hoc

57 2998 131 3060 (tec.
154 3008 193 3057 ιν,
217 2989 271 3063 ll).
292 2988 434 3043 Ceterum
460 2985 663 3042 rationabilius
691 2986 810 3054 dicitur,
837 2987 885 3043 isti
940 2990 1184 3063 dicetApostolus
1200 3008 1207 3047 :
1223 2993 1257 3047 lit
1269 2993 1294 3046 si
1308 2995 1370 3064 qais
1385 2995 1414 3048 ia
1430 2994 1574 3062 uerbenae
1588 2995 1766 3068 essentialia

58 3079 241 3154 imperatori,
257 3094 347 3151 quam
362 3079 409 3133 isti
432 3078 536 3132 seuieri
562 3092 631 3144 mee,
649 3076 699 3149 qui
723 3082 768 3133 est
785 3077 887 3148 junior
937 3082 1073 3151 periectas
1095 3087 1135 3135 est
1152 3082 1205 3135 eir.
1231 3079 1324 3148 (lbid.)
1339 3080 1369 3137 Si
1399 3082 1472 3138 lerte
1499 3083 1625 3139 domnus
1653 3088 1763 3155 noster,

57 3175 153 3234 estate,
169 3169 237 3224 licet
252 3167 291 3223 sit
314 3165 501 3222 excellentior
524 3181 654 3236 perseum
679 3165 841 3229 nobilitate,
858 3169 887 3220 ct
940 3169 1016 3239 quod
1028 3168 1114 3235 absit,
1131 3167 1318 3240 subreptione
1333 3169 1438 3242 aliquit
1448 3170 1572 3243 jusserit
1594 3171 1638 3227 vol
1661 3172 1763 3246 egerit,

55 3254 332 3328 mundanaimperii
344 3257 564 3327 potestate,noa
576 3258 673 3309 eutem
685 3253 760 3309 sacri
773 3253 885 3309 ordinis
940 3258 1016 3328 quod
1034 3255 1191 3329 episcopali
1218 3257 1381 3314 ministerio
1405 3277 1462 3314 non
1488 3259 1650 3329 conveniat,
1666 3260 1765 3318 videre
1843 3266 1847 3275 '

55 3345 210 3417 dignitate,
228 3341 303 3397 sieut
319 3343 502 3397 demonstrat
517 3347 637 3397 sanctus
660 3341 794 3397 Gelasius
811 3360 886 3416 papa
939 3346 1080 3401 debuerat
1096 3345 1142 3400 lrie
1158 3345 1283 3418 scriptor
1298 3347 1518 3419 sagacissimus,
1535 3348 1560 3404 si
1582 3349 1721 3406 obediens
1736 3354 1765 3406 et

54 3432 190 3489 scribens
205 3430 241 3486 ad
265 3429 453 3486 Anastasium
478 3429 684 3501 imperatorem
709 3432 797 3501 (epist.
816 3432 883 3501 ll):
940 3435 1057 3505 adjutor
1068 3434 1098 3489 in
1115 3435 1169 3489 hoc
1184 3434 1227 3489 illi
1252 3436 1407 3508 episcopus
1430 3454 1494 3493 csse
1519 3437 1633 3506 debeat,
1650 3439 1686 3494 ut
1704 3456 1763 3495 non

55 3546 69 3573 e
88 3523 153 3577 Duo
168 3524 247 3585 sunt,
264 3519 424 3591 imperator
446 3520 588 3591 Auguste,
605 3518 713 3588 quibus
735 3517 885 3591 principa·
939 3528 1009 3594 puto
1025 3522 1147 3578 utullus
1157 3522 1245 3578 hemo
1256 3523 1358 3596 sit,qui
1369 3524 1451 3580 alteri
1462 3525 1614 3581 hominiin
1625 3527 1764 3584 omnibus

55 3610 124 3666 liter
137 3610 268 3665 mundus
282 3608 330 3663 hic
350 3607 470 3680 regitur,
488 3605 645 3661 auctoritas
661 3623 744 3661 sacra
765 3607 884 3678 pontifi·
939 3611 1035 3667 fidelis
1049 3615 1079 3667 ct
1093 3612 1232 3668 obediens
1247 3616 1275 3667 ct
1288 3613 1404 3685 adjutor
1428 3613 1551 3670 insimul
1573 3632 1637 3672 esse
1657 3615 1761 3688 possit.

55 3716 137 3766 curn,
154 3702 182 3753 et
196 3696 301 3769 regalis
317 3700 457 3768 poteslas.
474 3696 506 3751 ln
531 3694 639 3767 quibus
661 3699 742 3751 tanto
766 3695 885 3769 gravius
939 3698 1000 3755 Nisi
1012 3699 1510 3773 lortcillegenereloeutionishanc
1529 3703 1609 3760 illius
1623 3704 1763 3762 viridecti

56 3789 175 3862 pondus
190 3790 235 3842 est
248 3785 443 3848 sacerdotum,
460 3789 569 3857 quanto
585 3785 673 3839 etium
688 3800 740 3855 pre
751 3782 824 3857 ipsis
839 3801 883 3840 re·
939 3789 1113 3845 sententiam
1125 3788 1333 3863 intelligamus,
1346 3809 1404 3864 que
1419 3791 1489 3847 dicit
1501 3793 1658 3865 Apostolus
1674 3810 1681 3849 τ
1697 3793 1763 3850 Siue

56 3877 146 3950 gibus
161 3875 315 3930 hominum
332 3874 360 3928 iu
377 3872 474 3929 divino
498 3871 640 3928 reddituri
665 3877 735 3928 sunt
750 3864 920 3932 examineG
939 3880 1141 3934 iateauissieae
1156 3887 1231 3935 erate
1246 3881 1270 3946 (l
1284 3880 1358 3948 Taes,
1377 3898 1418 3936 111.
1437 3883 1497 3950 17);
1513 3885 1542 3938 et
1558 3898 1564 3937 :
1581 3883 1612 3938 la
1637 3881 1763 3939 omuibus

56 3965 213 4021 rationem.
232 3986 245 4013 a
257 3963 299 4017 ad
315 3962 345 4017 id
361 3962 440 4033 quod
467 3961 657 4033 subsequitur
679 3961 709 4016 in
734 3961 788 4017 hoc
799 3964 884 4032 jure·
938 3967 1114 4022 exhibeamus
1129 3968 1304 4038 nosmetipsos
1319 3969 1389 4023 siaa
1412 3970 1461 4024 llei
1486 3970 1628 4025 ministres
1644 3971 1680 4039 (ll
1701 3968 1761 4026 Cor.

56 4059 157 4111 mento
174 4070 180 4109 :
198 4052 331 4124 (lucadius
345 4054 449 4117 eicere,
465 4051 554 4122 fielclis
569 4058 594 4105 et
609 4050 745 4119 obediens,
761 4058 785 4106 ct
802 4051 883 4122 adju·
937 4071 976 4121 vr,
993 4053 1225 4127 quartiatica
1239 4056 1395 4126 cupiamus
1411 4073 1477 4111 cum
1493 4058 1763 4129 casemperjubcre

56 4152 101 4199 tor
116 4145 147 4197 ie
172 4143 298 4199 omuibus
321 4157 378 4206 cre,
395 4144 516 4195 sanctus
541 4137 675 4195 Gelasius
699 4139 830 4195 scribens
845 4140 882 4196 ad
937 4148 965 4198 et
989 4159 1104 4214 semper
1128 4143 1344 4214 egere,quibus
1373 4145 1532 4199 debeamus
1556 4149 1585 4199 et
1612 4145 1762 4202 valcamus

54 4230 245 4287 Anastasium
261 4229 465 4300 imperatorem
482 4227 553 4282 dicit
567 4228 656 4299 (epist.
674 4228 717 4299 ll)
734 4244 741 4282 :
759 4250 773 4278 a
789 4229 881 4297 Nosti,
936 4231 1109 4297 obediru,et
1137 4229 1173 4285 ad
1202 4247 1266 4302 quae
1295 4229 1337 4285 illi
1365 4232 1524 4287 debeamus
1554 4234 1583 4287 et
1611 4231 1761 4288 veleamus

54 4320 97 4376 fili
108 4318 344 4384 clementissime,
353 4316 495 4388 queniam
507 4315 573 4371 licet
585 4315 742 4388 presideas
751 4316 882 4373 humano
936 4320 1102 4383 obedirc,et
1117 4319 1152 4373 ad
1169 4335 1232 4390 ques
1248 4317 1289 4373 illi
1304 4319 1464 4375 debeamus
1477 4318 1665 4375 etvaleamus
1676 4320 1760 4392 adju·

53 4408 155 4482 generi
170 4407 324 4479 dignitate,
343 4423 440 4461 rerum
454 4410 552 4460 tamen
578 4406 754 4478 praesulibus
770 4406 882 4462 divine·
936 4413 1014 4465 teres
1027 4425 1101 4465 esse.
1125 4408 1180 4464 Sed
1196 4413 1225 4463 et
1239 4409 1316 4480 qued
1342 4408 1421 4476 dicit,
1441 4410 1472 4466 ec
1484 4411 1539 4465 sim
1553 4409 1600 4464 illi
1621 4409 1720 4480 fidelis,
1736 4417 1763 4466 et

52 4515 123 4555 rum
145 4497 265 4553 devotus
285 4493 360 4551 celle
376 4493 536 4561 submittis,
554 4500 641 4566 atque
663 4496 698 4551 ab
721 4496 883 4552 eisceusas
936 4499 1072 4565 obediens,
1097 4505 1123 4553 ct
1151 4497 1260 4569 adjutor
1287 4499 1317 4553 ia
1344 4500 1482 4566 omuibus,
1508 4496 1592 4554 aliter
1621 4497 1763 4556 intellexit

52 4593 113 4643 tua
129 4584 235 4642 salutis
247 4583 358 4656 expetis
375 4600 382 4639 :
399 4583 526 4654 hincque
542 4583 694 4639 sumendis
716 4583 882 4640 caelestibus
936 4586 1091 4660 Apostolus
1104 4587 1140 4642 de
1153 4586 1574 4660 humanapossibilitete,quia
1589 4603 1647 4643 non
1662 4588 1762 4645 emnia

52 4673 259 4740 sacramentis,
271 4672 372 4744 cisque
388 4676 422 4728 ut
434 4671 575 4743 competit
586 4671 881 4743 disponendis‚subdi
937 4693 1095 4749 possumus
1105 4692 1216 4741 omncs,
1226 4674 1326 4732 dicens
1341 4679 1407 4746 post
1416 4679 1587 4732 enumerate
1596 4675 1760 4750 gratiarum

50 4771 82 4821 to
98 4763 203 4819 debere
218 4761 372 4834 cognoscis
388 4760 537 4833 religionis
553 4761 655 4816 ordine
670 4762 768 4832 potius
792 4780 881 4835 quam
936 4767 1014 4821 dona
1029 4782 1036 4819 ε
1052 4764 1128 4820 Sicut
1141 4766 1290 4836 uuicuique
1314 4766 1384 4822 Deus
1408 4765 1503 4822 diuisit
1526 4768 1683 4823 mensuram
1697 4766 1762 4838 fidei

52 4867 195 4927 pressam
207 4850 306 4923 itaque
317 4850 393 4905 inter
408 4850 468 4905 baec
488 4849 606 4904 illorum
622 4855 649 4904 te
664 4851 791 4921 pendere
801 4851 881 4922 judi·
936 4855 1022 4926 (licea
1039 4867 1088 4919 xre,
1105 4853 1143 4920 3).
1168 4852 1204 4906 Et
1227 4851 1305 4924 qued
1330 4851 1444 4909 addidit
1459 4871 1468 4909 :
1482 4853 1587 4926 Absque
1610 4852 1720 4925 fraude,
1735 4858 1762 4908 et

52 4941 110 5007 cio,
119 4956 177 4995 nen
192 4938 260 4995 illos
269 4939 305 4994 ad
320 4943 402 4994 tuam
413 4938 504 5011 redigi
515 4937 706 4993 voluntatem.
718 4961 731 4988 ο
747 4940 782 4994 Et
794 4939 881 5011 paulo
935 4943 1007 4997 nuile
1024 4943 1145 5011 irepeeie,
1161 4950 1187 4996 et
1201 4940 1301 5012 absque
1313 4942 1373 4997 etta
1387 4942 1538 5011 dolositate,
1550 4943 1591 4998 vet
1606 4942 1761 4998 seductione

51 5033 122 5104 post
138 5046 145 5084 ε
164 5052 177 5078 «
192 5030 253 5095 Quo
266 5044 316 5084 oro
333 5032 360 5083 te
375 5029 479 5083 ellectu
494 5026 537 5083 eis
552 5027 686 5082 convenit
699 5028 882 5101 obedire‚qui
935 5048 983 5088 see
1005 5031 1167 5103 deceptione,
1183 5038 1209 5086 et
1230 5032 1330 5103 aesque
1353 5041 1475 5104 respectu
1500 5032 1617 5105 alicujus
1636 5043 1760 5103 persana

52 5117 249 5192 prorogandis
264 5116 481 5173 venerabilibus
492 5120 561 5171 sunt
571 5115 704 5170 attributi
717 5116 883 5189 mysteriis?
937 5121 1038 5193 (etiae,
1055 5120 1132 5191 qued
1148 5120 1375 5178 exabundantia
1390 5119 1470 5179 lividi
1486 5120 1581 5179 cordis
1595 5136 1644 5175 ore
1660 5134 1759 5190 super·

52 5206 179 5264 Proinde
195 5206 272 5262 sicut
286 5221 344 5261 nen
356 5204 417 5261 lcve
430 5204 587 5260 discrimen
608 5204 880 5278 incumbitpontiss·
896 5233 919 5297 D
937 5212 995 5266 lluo
1018 5208 1148 5281 protulit,
1164 5209 1316 5267 sinceritas
1341 5211 1437 5267 cordis
1461 5211 1517 5266 mci
1539 5205 1761 5280 comprehcndit
1784 5206 1787 5214 '

51 5296 139 5353 cibus
150 5293 267 5351 siluisse
277 5312 328 5368 pro
339 5293 672 5365 divinitatiscultuquod
684 5296 882 5367 congruit:ita
936 5298 1123 5357 diceus:lsti
1144 5300 1307 5372 liuperateeu'
1331 5300 1479 5357 secuudum
1509 5314 1601 5354 aueum
1631 5299 1703 5353 scire
1734 5305 1761 5353 et

50 5384 111 5453 his,
128 5384 207 5456 quod
231 5383 317 5451 absit,
333 5400 390 5438 non
416 5381 560 5438 mediocre
584 5383 747 5454 periculum
762 5385 881 5457 sst,qui
932 5405 1020 5462 pesse,
1030 5389 1418 5461 juetamieisteriummeum
1432 5387 1588 5459 fidetisere.
1605 5387 1683 5443 luter
1704 5386 1759 5443 hec

52 5489 123 5531 eum
135 5472 260 5529 debeant
270 5488 371 5544 parere
381 5471 578 5544 despiciunt.»
590 5473 670 5538 Quod
679 5472 726 5529 bic
738 5473 880 5547 seriptum
935 5476 1013 5533 enim
1029 5492 1136 5531 nomen
1152 5477 1227 5549 qued
1240 5476 1347 5531 dicitur
1361 5475 1487 5547 adjutor,
1504 5478 1533 5532 et
1554 5475 1633 5548 quod
1651 5474 1760 5532 dicitur

52 5566 110 5634 est,
127 5569 335 5637 quantocunque
346 5561 410 5637 plus
433 5569 460 5617 et
480 5561 580 5617 aeetias
599 5563 685 5619 sciere
709 5570 735 5619 et
755 5572 880 5640 potuero,
935 5565 1057 5636 nocitor,
1072 5563 1146 5621 nibil
1170 5567 1215 5622 est
1238 5563 1377 5621 medium.
1400 5562 1455 5636 Qui
1477 5563 1557 5622 enim
1581 5568 1627 5625 est
1651 5562 1758 5640 fidelis,
