3810 6098
79 283 167 345 ’rer
566 277 617 342 nn
639 279 826 342 munaum
846 278 1031 342 cominu
1053 280 1105 340 nn
1125 280 1359 348 romanon.
1750 274 1811 350 itt

75 413 219 491 juncia
232 412 341 486 ψ
354 410 595 486 aeorpore,qniu
609 410 686 468 sicut
699 413 729 468 in
743 411 817 469 libro
830 411 935 469 dstbcr
946 411 974 482 Α
985 412 1089 484 judicii
1105 417 1302 481 semoverunt,
1317 418 1347 470 et
1362 430 1415 470 nos
1430 415 1485 471 nrt
1507 415 1622 475 christe
1641 417 1743 490 tudme
1768 419 1810 476 vi·

99 501 352 561 :nsniiostissims
366 501 484 575 legitur,
500 501 602 576 regina
615 500 718 558 vasthi
739 500 935 575 potentissimi
990 519 1091 557 vorum
1104 518 1137 558 ae
1152 503 1636 576 mortuorumquocnnqueiutuitu
1651 508 1751 566 minus
1761 510 1811 566 dc,

107 592 189 668 rogis
201 591 334 660 moeri,
349 591 417 648 licet
440 591 640 648 ferocissimus
665 591 762 660 fuerit,
778 608 847 648 oum
870 593 936 664 ejus
990 590 1051 646 bito
1065 589 1198 662 ajudicii
1214 589 1316 646 ordine
1331 589 1492 647 deviamus.
1510 593 1543 648 ln
1558 593 1677 651 Numeri
1692 614 1809 671 quoquo

110 681 229 741 animos
243 684 415 753 contempto
430 684 460 737 et
481 679 669 738 contumacia
691 680 870 749 offendisset,
886 696 936 735 ne·
990 677 1066 734 libro
1090 677 1258 751 praecipitur
1282 679 1374 749 (Num.
1396 684 1435 749 v),
1463 685 1495 735 ut
1517 681 1543 737 si
1566 699 1625 754 qua
1639 684 1746 742 mulier
1764 688 1809 744 uel

108 787 264 846 quoqm
278 769 341 827 solo
355 769 435 826 illius
446 768 646 842 indignatione
656 773 685 824 et
695 768 791 826 surore
806 785 840 824 ex
849 769 939 841 impe·
991 766 1128 823 adulterii
1139 784 1197 836 rea,
1209 767 1252 824 vel
1265 767 1338 824 lolaa
1356 769 1523 842 suspicione
1532 770 1621 829 tuerit
1637 775 1815 847 appetttu,et

110 861 147 919 rii
161 860 275 917 bonore
290 858 423 932 deposta
437 856 560 925 irritam
575 857 693 931 publiea
704 857 816 930 judicio
831 861 860 914 et
872 873 937 914 sen·
991 855 1036 912 uir
1049 856 1114 928 ejus
1128 855 1190 912 nelo
1201 856 1342 913 adversus
1355 873 1420 913 eum
1435 857 1524 915 suerit
1535 861 1710 930 concitatus,
1725 864 1816 920 addo,

109 947 381 1023 lntiuprincipum
396 963 430 1005 ae
443 946 579 1019 judicum
588 947 740 1003 Medorum
747 946 939 1020 atquePerarr
992 949 1040 1000 cat
1054 944 1134 1000 illam
1150 945 1186 1000 ad
1202 946 1377 1015 sacerdotes,
1392 950 1422 1002 at
1435 947 1534 1007 divino
1544 949 1659 1020 judicio
1672 951 1717 1008 uel
1732 953 1816 1009 dam-

111 1036 524 1113 mapestdepnaitiousm
534 1034 938 1108 illiusreginaperjudicium
993 1034 1121 1090 nondam
1132 1032 1291 1100 onerasset
1305 1032 1497 1093 liberandam.
1508 1037 1588 1093 Unde
1603 1039 1816 1098 Susannaconr

110 1127 268 1201 publicum
282 1126 401 1194 tanam,
417 1125 546 1198 quesitas
561 1128 631 1180 sunt
646 1123 748 1197 puelle
764 1141 828 1196 quae
844 1123 939 1196 place·
993 1122 1067 1180 iulso
1082 1122 1219 1178 adulterii
1234 1121 1357 1180 crimina
1369 1129 1599 1197 accusaretur,et
1614 1128 1730 1201 publico
1739 1131 1818 1202 jndi-

112 1219 180 1275 rent
192 1214 289 1272 umbe
303 1214 393 1287 regis,
409 1213 486 1270 inter
498 1230 574 1286 qnos
596 1213 701 1269 Esthm
723 1211 940 1286 pulchritudine
994 1210 1038 1266 cio
1054 1211 1257 1280 condemnata,
1274 1215 1302 1265 cl
1317 1209 1433 1283 publico
1457 1211 1563 1285 legitur
1586 1217 1720 1274 absoluto
1736 1219 1816 1293 (Dnn.

112 1305 260 1362 ottocaro
274 1303 392 1372 onituit,
407 1301 509 1375 sicque
527 1301 638 1375 regiam
660 1301 796 1376 copulam
821 1301 939 1358 meruit.
994 1300 1066 1371 ιιιιι).
1083 1299 1183 1355 titillo
1198 1298 1348 1357 mulieriu
1363 1301 1527 1375 Evangelio,
1544 1321 1608 1376 qum
1631 1308 1773 1365 veraciter
1787 1311 1817 1367 iu

113 1394 196 1460 Qud
211 1394 301 1450 etiam
317 1391 430 1465 antiqui
446 1389 570 1447 Romani
591 1390 722 1464 legitimo
743 1390 856 1462 jndicio
879 1389 941 1446 lieri
995 1387 1139 1445 adulterio
1156 1389 1249 1445 iuerat
1264 1388 1455 1462 deprehenso,
1471 1392 1601 1463 primum
1621 1397 1707 1467 Juxta
1723 1397 1818 1471 legem

117 1484 221 1540 debere
235 1481 353 1555 legibus
367 1479 429 1537 suis
444 1479 608 1553 antiquitus
623 1484 789 1536 statuerunt
802 1484 831 1536 et
844 1495 942 1536 sersa-
996 1478 1033 1533 ad
1046 1476 1269 1550 Pharisaeos,qni
1278 1482 1453 1550 potestatem
1462 1480 1568 1550 judicii
1583 1482 1616 1538 in
1625 1485 1733 1557 populo
1743 1503 1820 1544 exer·

116 1574 297 1639 sumntum
311 1569 409 1626 sotum
421 1569 484 1641 jam
499 1568 592 1624 abacti
608 1567 775 1636 Christiani,
788 1569 839 1625 sad
853 1568 942 1627 otiam
997 1565 1221 1631 osbanc‚deinde
1236 1566 1324 1623 etiam
1340 1568 1471 1624 tentandi
1487 1569 1581 1642 gratia
1594 1572 1631 1627 ad
1647 1574 1760 1631 Domini
1772 1577 1821 1647 ju-

113 1675 184 1716 oum
193 1658 401 1716 dbncassent
414 1656 612 1731 paganisticut
621 1656 805 1729 apertissimo
814 1657 944 1713 ostendit
996 1653 1108 1711 dicium
1124 1655 1265 1727 perducta
1278 1658 1333 1724 est,
1343 1655 1393 1711 ubi
1408 1657 1473 1726 ejus
1487 1658 1653 1719 admirabili
1666 1661 1820 1734 pietatm

118 1745 162 1805 lex
173 1744 316 1803 Antonini
331 1743 438 1818 pagani
453 1743 650 1817 imperatoris,
667 1760 756 1817 qnam
769 1745 872 1802 beatus
885 1747 942 1801 An·
957 1786 982 1852 B
998 1760 1015 1799 a
1029 1742 1219 1816 lapidationis
1233 1741 1420 1817 suppliciunt
1434 1761 1453 1800 a
1467 1745 1601 1805 cuminis
1616 1753 1697 1806 reatu
1711 1752 1821 1809 meruit

119 1835 259 1910 gonfinus
277 1833 312 1892 ἰι
324 1832 404 1892 libro
413 1834 450 1891 dn
464 1832 617 1890 adulteriis
631 1833 782 1906 ssonjugiis
792 1832 847 1890 hoc
856 1831 943 1890 modo
998 1831 1115 1888 libcrari
1130 1833 1292 1906 (tonnam).
1301 1833 1348 1889 Sic
1363 1837 1392 1889 et
1405 1833 1486 1907 leges
1498 1834 1669 1896 Christiana
1678 1845 1752 1897 sunt
1762 1841 1822 1898 ins

116 1926 332 1990 omnmenorst
344 1926 373 1979 ot
387 1923 574 1979 sommendat
588 1921 689 1978 dicens
705 1923 766 1994 (tib.
780 1940 812 1991 n,
828 1924 942 1994 cop.8):
998 1921 1113 1993 pirante
1137 1921 1262 1983 Domino
1287 1922 1420 1993 condito,
1445 1922 1553 1996 quibus
1575 1924 1708 1998 legaliter
1728 1929 1823 1988 initur

121 2013 267 2081 similius
288 2011 436 2086 dispudet,
451 2015 484 2067 nt
497 2010 575 2067 inter
600 2012 697 2067 virum
712 2016 741 2068 et
756 2028 875 2068 uxorem
892 2028 945 2084 par
998 2009 1180 2081 corrjuginm,
1196 2014 1225 2064 et
1240 2011 1428 2066 sacerdotalis
1442 2012 1626 2070 auctoritatis
1651 2021 1696 2072 est
1716 2019 1823 2077 sancti

121 2100 270 2177 pudicitiae
285 2101 380 2157 forma
393 2105 534 2172 servatur,
550 2103 579 2156 st
599 2099 696 2173 potius
711 2100 833 2174 eligunt,
850 2099 945 2155 maxi·
999 2101 1055 2167 tas,
1066 2115 1126 2170 qna
1141 2097 1372 2154 benedictionem
1388 2117 1473 2155 suam
1488 2101 1631 2157 Dominus
1646 2104 1676 2159 in
1687 2107 1823 2178 paradis·

123 2208 228 2265 meque
243 2191 274 2247 in
290 2190 345 2247 hac
362 2206 462 2256 causa,
479 2190 583 2246 mundi
607 2189 722 2263 legibus
743 2189 857 2245 subditi
880 2205 946 2245 esse
1001 2187 1104 2259 primis
1121 2187 1291 2259 parentibus
1299 2203 1350 2259 per
1364 2189 1682 2265 sedatamoonjugibus
1692 2193 1825 2268 legaliter

122 2296 212 2354 qnam
226 2278 349 2345 Christi,
362 2277 504 2351 qnoniam
515 2278 585 2349 jure
603 2277 731 2333 forensia
753 2294 812 2333 non
835 2276 945 2333 eisdem
1001 2274 1219 2348 copulatis,vioe
1234 2292 1289 2332 sus
1303 2278 1476 2350 pereos‚qui
1491 2279 1571 2336 illius
1584 2298 1617 2338 os
1627 2283 1823 2355 appellantur,

123 2368 235 2442 quibis
247 2366 374 2425 iamlam
392 2365 540 2440 pudicitiae
563 2365 686 2422 nexibus
711 2365 788 2422 viros
811 2364 948 2421 videntur
1001 2363 1115 2420 dicente
1130 2363 1271 2436 propheto
1287 2381 1293 2421 :
1312 2364 1345 2420 os
1356 2366 1467 2423 bonini
1480 2368 1599 2429 boatum
1612 2379 1652 2427 cet
1665 2375 1730 2442 (iso.
1740 2374 1823 2447 tfflt

122 2456 318 2530 obstringam,
331 2455 431 2529 legant
444 2453 516 2528 quid
530 2454 690 2528 imperator
701 2453 877 2520 Antoninus,
888 2470 947 2510 non
1001 2452 1037 2509 lit
1052 2454 1115 2527 ipso
1130 2452 1251 2509 Domino
1269 2471 1275 2510 :
1292 2454 1543 2528 Camecporooerir
1559 2461 1709 2530 modorum
1731 2465 1824 2532 cotti,

123 2547 227 2620 utiquo
237 2543 433 2612 Christianus,
447 2544 484 2600 de
497 2544 552 2600 bac
568 2561 598 2599 re
613 2542 806 2614 constitnerit,
822 2542 873 2599 ubi
888 2558 948 2598 me·
1001 2544 1082 2616 quari
1095 2559 1124 2597 os
1137 2558 1243 2597 merom
1256 2545 1312 2599 cris
1326 2543 1390 2616 (ter.
1401 2561 1448 2611 xv,
1465 2546 1520 2618 19),
1535 2546 1643 2604 viritim
1659 2550 1720 2607 vult
1739 2551 1826 2624 largi·

117 2637 198 2705 ¹ritus
209 2651 330 2692 uxorem
340 2634 377 2690 do
387 2633 798 2690 adulteriicrimineaccusam
809 2650 867 2688 non
876 2631 948 2688 sini·
1003 2633 1038 2699 ri,
1054 2636 1083 2687 et
1099 2632 1231 2687 infirmos
1245 2631 1420 2703 ponitentiae
1436 2634 1649 2695 medicamento
1663 2656 1778 2696 sanare.
1793 2642 1827 2698 tit

122 2729 180 2794 tur,
196 2721 469 2782 arimonibussnis
483 2739 542 2778 non
556 2721 681 2795 prebuit
695 2721 948 2778 castitatiseucm·
1003 2718 1397 2776 liberdioitilcclesiasticus
1420 2722 1568 2792 deservo,
1593 2731 1703 2797 quanto
1727 2729 1827 2785 minus

124 2813 218 2888 plum
232 2813 275 2870 ita
298 2816 331 2868 ut
352 2811 439 2867 ambo
463 2811 651 2879 damnantur,
668 2811 693 2866 si
713 2810 817 2867 ambos
841 2809 950 2883 pariter
1003 2808 1040 2864 do
1069 2822 1168 2876 uxore,
1194 2807 1291 2865 Verum
1316 2809 1376 2864 siae
1394 2808 1501 2879 judicio
1526 2812 1600 2867 citit
1629 2814 1719 2883 [omas
1743 2832 1828 2887 mooe

125 2901 290 2975 impudicos
311 2899 464 2957 conlliotus
486 2899 550 2972 ipse
573 2899 739 2956 convicerit.
764 2900 837 2955 Nam
859 2915 950 2972 supra
1004 2895 1391 2968 (Ecclr'.mx111,30).bstet
1415 2895 1457 2952 illi
1481 2898 1541 2970 regi
1564 2898 1645 2957 aliud
1669 2901 1826 2965 observa.

124 2991 193 3048 dicti
204 2987 791 3065 imperatorishaecvorbasunt,queapud
802 2987 950 3061 Gregorio·
1004 2986 1089 3051 dum,
1103 3000 1139 3038 no
1157 2987 1225 3040 anto
1246 2982 1409 3056 legitimam
1434 2986 1646 3057 penitentiam,
1663 2990 1827 3046 secundom

127 3096 196 3137 uum
210 3079 350 3153 legnmm
366 3095 373 3135 :
391 3101 405 3130 ιι
423 3078 509 3145 Sanc,
525 3077 631 3150 inquit,
647 3076 752 3132 littera
774 3092 845 3132 men
870 3075 951 3132 nulls
1004 3071 1674 3147 legesllcclesiaesusceptamatquaperactsm,
1688 3084 1827 3138 etrecon·

130 3172 238 3244 «parte
252 3184 350 3225 mnam
363 3165 711 3241 praejudicabuntiloque
725 3164 846 3235 enim,si
862 3182 951 3238 penes
965 3153 987 3224 (i
1005 3161 1183 3218 ciliationem
1199 3161 1597 3235 adeptam,conjugio,multo
1612 3166 1712 3222 minus
1721 3167 1827 3239 aldem,

131 3278 145 3307 ι
156 3262 185 3316 tn
197 3257 287 3333 eulpa
301 3256 359 3313 tuit
373 3260 406 3313 ut
419 3254 644 3313 matrimonium
668 3254 837 3322 solueretur,
853 3259 882 3310 et
905 3271 950 3314 se·
1005 3253 1041 3308 de
1056 3266 1115 3324 qua
1129 3249 1411 3324 agitur,concubine
1424 3266 1455 3307 se
1471 3252 1588 3324 copulet
1603 3272 1610 3310 :
1625 3256 1765 3327 quoniam
1775 3274 1829 3314 neo

133 3348 289 3405 reundum
304 3344 399 3419 legem
410 3343 521 3401 duliam
536 3341 664 3415 liupasia
679 3343 950 3413 uxortuanubcret,
1006 3339 1094 3396 David
1110 3357 1160 3395 rex
1185 3340 1221 3405 (ll
1239 3339 1303 3409 lieo.
1319 3357 1369 3409 xn,
1397 3341 1451 3410 15),
1474 3339 1538 3398 sine
1548 3407 1551 3412 ¹
1562 3341 1631 3400 telis
1653 3346 1829 3404 excoctionis

134 3433 343 3510 npropterboe
358 3432 533 3507 rescriptum
549 3448 648 3489 meum
663 3431 799 3488 adulterii
814 3433 954 3488 damnata
1006 3429 1186 3503 prenitentia,
1196 3427 1436 3498 nortmannum
1452 3446 1511 3502 qua
1524 3430 1707 3504 adulteravit,
1719 3435 1749 3491 in
1765 3453 1830 3498 con·

134 3522 225 3592 norit,
240 3520 298 3577 nisi
313 3523 428 3577 constat
441 3536 507 3576 osso
520 3519 723 3577 commissum.
736 3518 891 3576 Habebunt
905 3535 953 3576 au·
1003 3521 1106 3593 jugem
1120 3517 1234 3587 babuit,
1256 3521 1289 3573 nt
1311 3523 1341 3575 et
1363 3516 1452 3588 filius,
1468 3520 1519 3593 qui
1541 3536 1576 3577 cx
1600 3522 1663 3595 ipso
1686 3523 1831 3585 adulterio

129 3616 219 3670 rtem
234 3613 304 3669 unte
317 3608 418 3666 oculos
432 3609 488 3665 boc
499 3608 702 3681 inquirerem
718 3625 786 3664 cum
801 3613 833 3664 tu
849 3608 953 3681 pudice
1007 3613 1095 3664 natus
1110 3607 1214 3674 iuerat,
1230 3607 1382 3665 confestim
1398 3608 1495 3665 divino
1506 3610 1629 3681 judicio,
1646 3610 1712 3669 lieet
1731 3630 1784 3686 pro
1797 3629 1831 3669 so

127 3720 142 3751 r
155 3700 283 3769 viveres
300 3698 344 3755 ilii
358 3714 475 3772 quoquo
489 3698 582 3755 bonos
597 3715 694 3754 mores
717 3696 830 3754 colendi
853 3702 955 3753 auctor
1008 3697 1135 3753 multum
1146 3696 1309 3769 jejunando
1325 3701 1354 3752 et
1368 3698 1464 3754 tiendo
1478 3700 1604 3771 petierit,
1620 3702 1659 3759 sit
1673 3718 1832 3773 pmcursua

124 3806 142 3838 a
154 3788 462 3861 tacisti.1³eriniqnnm
478 3787 557 3846 onim
571 3786 775 3858 videturesse,
791 3790 823 3841 ut
838 3785 952 3859 pudici·
1008 3804 1041 3843 ac
1056 3790 1239 3854 mortanam
1253 3784 1315 3858 ipso
1330 3790 1430 3859 postea
1440 3789 1623 3861 gravissimis
1638 3789 1832 3847 tribulationi·

116 3895 137 3927 ¹
152 3879 232 3947 tiam
246 3878 293 3934 vir
306 3878 343 3934 ab
356 3892 444 3933 uxore
459 3876 657 3948 exigat,quam
667 3874 730 3948 ipse
740 3892 799 3932 non
813 3874 929 3932 exhibet
945 3891 952 3931 ι
1008 3877 1116 3944 bns,ac
1130 3875 1211 3948 regni
1227 3875 1273 3930 sui
1289 3874 1446 3932 amissione
1461 3878 1621 3949 partilium
1637 3897 1725 3936 suum
1741 3880 1834 3936 Aban·

113 3986 134 4017 α
150 3986 223 4044 quum
236 3984 285 4025 roa
299 3971 395 4041 potest
419 3970 449 4022 et
471 3965 568 4021 virum
581 3966 732 4037 damnare,
749 3980 806 4020 non
822 3965 860 4021 ob
875 3982 953 4022 com·
1010 3964 1056 4020 lon
1071 3963 1114 4020 ita
1127 3964 1254 4019 alilictus
1269 3967 1314 4019 est
1327 3968 1356 4019 et
1370 3969 1503 4035 vexatus,
1518 3983 1552 4022 ac
1567 3966 1646 4023 velut
1668 3967 1698 4023 in
1714 3969 1832 4025 ΐοιιιιω

107 4072 131 4107 α
151 4058 365 4135 pausationem
381 4052 477 4111 mutui
492 4052 696 4110 criminisrcm
712 4053 955 4128 interutrumqus
1009 4053 1086 4127 ignis
1102 4056 1505 4126 excoctnsatquepnrgatus,
1524 4058 1635 4111 atvero
1659 4055 1722 4112 solu
1735 4055 1834 4122 diuina

106 4158 131 4198 αι
150 4143 409 4221 compossuerat
431 4159 552 4200 eaumm
576 4141 644 4199 tacti
668 4141 779 4200 tollere.
800 4165 815 4193 »
840 4143 872 4199 Si
894 4142 955 4199 hac
1010 4140 1164 4198 clementia
1188 4141 1479 4210 evasissevideotur3
1504 4143 1618 4214 etjam
1642 4143 1668 4199 ei
1692 4144 1834 4200 acorrima

102 4234 398 4297 unemudasaat
419 4236 537 4306 propter
560 4231 651 4288 docus
673 4235 793 4288 terrene
817 4230 954 4301 civitatis,
1010 4230 1134 4287 contrito
1149 4231 1236 4286 corde
1260 4230 1411 4303 paenitenti
1438 4235 1467 4286 et
1492 4232 1642 4288 cantitanti
1667 4231 1834 4290 miseriem

103 4324 251 4402 qundo
262 4322 402 4381 castiores
412 4322 517 4395 querit
526 4320 652 4378 causus
670 4321 776 4393 patria,
788 4325 817 4377 et
831 4322 956 4378 societas
1011 4319 1154 4377 Dominus
1168 4323 1320 4391 peccatum
1336 4318 1504 4379 dimiserat:
1518 4320 1568 4379 sed
1583 4320 1654 4393 quia
1663 4321 1765 4392 iustus
1777 4325 1833 4392 est,

101 4412 316 4491 ungulorum.
333 4433 349 4464 ι
364 4411 429 4468 ileo
443 4411 480 4467 do
502 4408 617 4484 legibus
640 4409 747 4483 pagani
771 4409 957 4483 imperatoris
1011 4415 1040 4466 et
1048 4408 1197 4481 justitiam
1211 4406 1316 4481 diligit,
1331 4407 1410 4480 qnod
1426 4425 1475 4464 rex
1489 4408 1525 4465 ab
1540 4425 1575 4466 ao
1589 4411 1626 4466 sd
1640 4408 1751 4485 scabra
1765 4409 1836 4469 ulci-

100 4499 805 4573 Antoninibeatnslluguatinuscommemorat.
818 4499 860 4555 lta
875 4515 958 4572 regor
975 4524 997 4588 ὓ
1012 4499 1120 4556 scendo
1145 4497 1322 4553 constitutus
1346 4501 1444 4570 egerat
1467 4497 1615 4565 scelerata,
1637 4498 1725 4573 digne
1748 4504 1837 4574 atque

103 4586 300 4658 naamam,
314 4606 349 4646 ac
364 4589 528 4657 Persarum,
544 4591 632 4661 atque
646 4588 854 4656 Romanorum,
868 4592 897 4643 et
907 4588 958 4659 Ju-
1008 4587 1176 4661 iustissime
1191 4585 1355 4642 vindicavit.

142 4683 150 4697 '
502 4681 514 4732 t
596 4675 812 4732 nistidolorum
821 4673 948 4732 cultores

102 4677 810 4840 ffixffllktzmmogrssznffigitcienmsntiom
820 4765 851 4821 in
861 4718 959 4822 causis
1191 4730 1268 4785 m
1284 4728 1554 4786 INTERROGWO
1573 4730 1657 4789 XXU·

105 4858 212 4919 0ss
227 4857 390 4931 oontugnm
404 4871 463 4913 non
478 4854 680 4911 crudelitatem
696 4854 891 4924 steovillam,
907 4855 959 4910 sed
1049 4855 1155 4910 Octavo
1170 4853 1298 4926 capitulo
1314 4853 1398 4909 nobis
1418 4854 1580 4925 rescribite,
1597 4861 1697 4913 utrum
1712 4874 1837 4930 sequen·

107 4944 303 5023 oquitetam
313 4950 343 5001 st
352 4943 502 5018 justitiam
517 4945 671 5000 decernere
686 4960 719 5000 ac
733 4943 861 5000 diffinire
878 4948 907 5000 et
921 4949 960 4999 te·
1014 4943 1084 4998 dum
1100 4942 1139 4998 sit
1154 4942 1231 5014 quod
1246 4941 1367 5013 quidum
1382 4942 1484 4998 dicunt
1499 4944 1645 5017 quosdam
1659 4945 1761 5001 docere
1776 4943 1837 5016 epi·

111 5048 203 5095 nere
218 5034 327 5101 debaro
340 5034 512 5089 docuerunt.
531 5034 711 5104 Quapropter
732 5031 897 5089 timendum
917 5036 962 5088 est
1014 5049 1128 5105 scopos,
1145 5036 1178 5087 ut
1192 5030 1249 5086 sibi
1262 5030 1404 5087 confessis
1418 5032 1489 5089 viris
1504 5032 1547 5088 vel
1571 5032 1688 5090 leminis
1712 5033 1839 5094 aeona

113 5114 816 5199 regibuu,epiacopisstjadicibuaseculi‚quod
830 5121 961 5178 inl-ivan·
1014 5122 1199 5196 patrocinum
1221 5121 1400 5178 deiensionis
1424 5121 1602 5195 impendere,
1623 5139 1658 5179 na
1681 5122 1839 5194 quisquam

120 5212 213 5290 gotio
225 5210 338 5267 dicitur
349 5209 387 5266 de
400 5208 578 5278 Ninitivis,et
590 5209 809 5282 roginatustri,
827 5212 962 5280 θιιοιιίαιιι
1015 5210 1185 5284 hujusmodi
1201 5227 1341 5284 personas
1351 5213 1388 5267 ad
1398 5211 1546 5285 judicium
1557 5211 1722 5285 reipublice
1732 5211 1840 5270 audeat

124 5307 250 5373 aarum
276 5301 308 5356 to
330 5298 446 5372 jndicio,
471 5308 498 5357 et
521 5299 740 5358 condemnabunt
760 5304 963 5372 permultorum
1016 5317 1068 5374 pro
1083 5300 1257 5356 criminibus
1273 5301 1351 5356 unde
1366 5299 1409 5357 eis
1428 5301 1566 5357 confessa
1582 5302 1707 5366 lucrant,
1723 5299 1841 5359 etiamsi

127 5391 286 5462 possm
307 5388 410 5461 (taut
431 5404 482 5458 ιιι,
508 5389 563 5463 tl).
588 5388 833 5448 medemnabont
861 5393 963 5465 utiquo
1017 5389 1118 5447 multis
1134 5394 1203 5446 nota
1217 5394 1287 5445 sunt
1301 5390 1434 5458 crimina,
1451 5406 1616 5462 provocare.
1630 5391 1664 5446 nt
1682 5388 1708 5446 si
1723 5407 1765 5459 se,
1781 5406 1841 5448 non

133 5492 198 5535 uon
211 5482 359 5552 pometum
368 5477 538 5552 tudiciisod
553 5480 771 5552 comparatione
787 5480 916 5538 melioris
926 5481 965 5537 la-
1017 5497 1052 5537 ex
1066 5496 1211 5536 consensu
1227 5483 1345 5553 proptor
1359 5477 1635 5547 continentiam,sed
1650 5483 1770 5555 propter
1780 5478 1843 5537 dir·

138 5565 189 5637 ati.
206 5565 241 5625 st
253 5578 339 5642 roges
350 5564 393 5623 itii
406 5564 569 5642 &judaea
590 5566 749 5626 idololatra
774 5568 817 5628 sic
831 5569 964 5629 ordinem
1019 5569 1130 5629 cidium
1144 5568 1274 5647 aliquod,
1290 5585 1426 5646 separare
1439 5567 1593 5648 voluerint,
1605 5570 1651 5634 vel
1665 5558 1769 5634 eorum
1783 5571 1845 5634 tm·
