3810 6098
103 312 161 375 239
568 308 761 369 HINC-libili
786 307 1009 368 llllEblENSlS
1031 304 1340 370 lucaturtscapt.
1404 334 1409 339 ·
1751 308 1819 381 m

102 444 197 504 banis.
216 467 230 494 »
245 446 280 500 at
296 444 375 510 ilem,
392 467 405 491 ι(
421 442 551 513 improba,
568 440 673 512 inquil,
694 449 719 496 et
740 440 926 496 maledictioni
938 440 966 507 Α
981 438 1049 494 ilem
1068 456 1074 494 ε
1093 463 1105 487 «
1124 440 1280 511 Postquam
1296 442 1375 496 euim
1392 441 1464 496 dixit
1478 442 1615 514 superius
1632 442 1687 501 illa
1701 438 1817 518 magua

99 535 228 608 proximo
245 533 341 603 (ltebr.
358 548 396 595 vr,
412 529 638 600 subquartam
655 527 926 584 babelcausalatia·
980 527 1121 600 xalrleque
1136 528 1312 597 temeranda,
1330 528 1402 584 dicit
1416 546 1494 585 nrum
1517 533 1546 586 et
1561 530 1669 587 decora
1690 547 1726 588 ex
1746 532 1817 605 ajune

103 640 169 680 nam
185 621 233 678 hic
248 620 357 675 sarmul
376 616 583 683 blnledictiani‚
600 616 926 689 iuquit,p1·axirua,nan
981 616 1177 671 sollieitudine
1193 634 1280 688 quam
1298 618 1333 672 dc
1347 617 1517 674 haminibus
1530 618 1660 690 geritdit
1675 619 1819 692 quamvis

103 711 279 769 nraladialia.
306 708 359 776 Qui
388 711 485 763 autam
515 708 639 762 necdum
668 706 697 760 in
723 706 926 762 malecliauem
981 704 1053 759 illud
1071 705 1232 761 universale
1253 706 1292 761 sit
1316 708 1392 777 quad
1418 707 1673 776 amuiacanlinet,
1690 724 1822 773 xarumffi

50 794 54 801 ’
102 799 215 871 incidit,
227 799 278 854 sed
293 797 444 871 proximus
459 800 512 864 est,
530 801 558 851 et
573 796 657 868 langa
681 796 741 850 lleri
763 796 877 867 polerit.
893 796 927 851 dl
981 798 1077 849 lanian
1095 794 1149 850 bac
1165 794 1258 850 mulla
1273 795 1401 867 anrplius
1415 799 1460 852 cst
1475 794 1651 864 universale,
1670 800 1703 853 ut
1718 813 1815 870 quana

102 906 162 946 nan
176 888 231 944 hac
247 886 309 943 sala
324 885 493 942 consolatus
508 889 562 952 est,
579 885 629 940 sed
645 885 733 939 ctiam
749 885 777 938 in
794 901 826 938 era
848 885 924 954 quod
981 887 1044 938 tum
1061 883 1089 937 iu
1107 884 1171 954 ipso
1186 888 1231 938 est
1245 885 1567 940 arrruescredanl.Nam
1579 884 1816 952 eliamJaannaa·

102 976 315 1051 sequitur.Nan
330 975 409 1031 enirn
425 973 496 1029 dixit
514 990 520 1026 :
539 973 671 1044 lleprcbn
684 978 711 1027 el
729 971 925 1027 maledictioni
981 971 1061 1037 dicit,
1080 973 1137 1027 l'ita
1152 981 1219 1026 erat.
1236 973 1291 1028 Sed
1308 978 1336 1028 et
1350 972 1563 1045 providentiam
1580 973 1646 1044 aJus
1671 974 1812 1037 manliam.

101 1066 244 1140 proxima,
262 1083 324 1137 qnae
340 1063 539 1118 comburetur.
556 1062 611 1117 Sed
634 1062 724 1133 quid?
740 1061 831 1132 Cujus
857 1078 925 1114 eau·
980 1064 1047 1115 tans
1061 1059 1167 1115 iterum
1184 1061 1264 1131 elicit,
1281 1064 1419 1133 quoniam
1444 1061 1544 1118 lunren
1566 1067 1621 1119 est.
1637 1064 1694 1118 Par
1708 1065 1805 1136 ipsura,

101 1155 260 1214 summatia
281 1152 521 1209 inadustianem.
540 1150 568 1205 Si
586 1152 729 1221 usquead
751 1151 838 1206 sineru
860 1167 924 1222 par·
979 1147 1298 1220 iuquit,oirundutianem
1320 1152 1425 1220 taciens
1446 1158 1618 1222 pacatorum
1641 1159 1805 1220 nostrum.

101 1241 475 1316 maneal,inquit.Prainde
486 1237 509 1294 si
527 1239 716 1295 trucidamus
727 1244 754 1294 el
764 1239 925 1295 aduramus
979 1238 1061 1293 sedat
1075 1237 1105 1292 iu
1121 1238 1237 1294 dautem
1263 1238 1427 1310 majestatis
1451 1239 1481 1293 iu
1498 1239 1631 1296 excelsis.
1648 1239 1714 1297 Dua
1728 1256 1804 1313 qua·

101 1334 212 1409 spinas,
220 1331 381 1406 poterimus
401 1328 480 1384 milla
496 1327 580 1384 banis
605 1328 725 1400 perimi,
737 1332 766 1383 et
780 1327 841 1383 fieri
858 1344 924 1399 pra-
980 1326 1047 1380 elam
1063 1326 1091 1380 in
1108 1326 1161 1380 hao
1178 1325 1240 1382 laco
1255 1325 1401 1398 signifieat
1424 1327 1545 1398 maj0ra,
1558 1327 1637 1400 quad
1661 1328 1698 1385 da
1722 1328 1808 1401 nautia¹

101 1422 223 1493 babilas,
238 1426 268 1478 et
282 1418 495 1476 benedictionis
510 1417 678 1489 participes,
697 1439 710 1464 u
980 1431 1079 1470 curam
1096 1414 1179 1486 gerit,
1196 1414 1239 1469 cal
1255 1417 1333 1486 quad
1353 1419 1471 1487 [saccata
1485 1420 1587 1472 nostra
1607 1417 1803 1487 mundaverit,

136 1513 171 1570 Et
185 1510 255 1568 itam
272 1526 279 1564 1
298 1532 311 1559 a
323 1508 395 1576 Quid
409 1511 506 1563 aulem
518 1505 732 1570 distribuentia
744 1505 924 1576 millianam
979 1506 1008 1558 ct
1023 1504 1161 1574 quonium
1178 1520 1228 1574 per
1243 1503 1373 1574 seipsum
1390 1503 1444 1560 hac
1459 1521 1533 1576 apus
1544 1504 1723 1578 impleverit.
1734 1506 1810 1585 atu

101 1603 219 1657 cantum
241 1599 272 1653 in
296 1598 390 1654 fronto
416 1600 540 1667 portare,
557 1599 584 1648 ct
605 1594 776 1665 irnpasitnm
800 1610 924 1665 puerum
980 1590 1081 1647 multis
1095 1591 1167 1647 loeis
1184 1592 1311 1647 inuenies
1327 1609 1394 1648 eum
1409 1592 1439 1647 in
1455 1592 1510 1649 hac
1532 1593 1661 1649 maxime
1676 1593 1808 1669 gloriari,

100 1687 193 1757 multa
207 1686 301 1744 millia
315 1686 464 1741 schemata
480 1684 633 1739 faciurum
659 1682 767 1738 ibidem
784 1681 923 1753 bajulare,
980 1699 1038 1736 non
1053 1680 1148 1735 salum
1165 1680 1303 1753 quoniam
1321 1681 1449 1738 conversi
1467 1698 1571 1738 sumus
1586 1682 1623 1738 ad
1640 1682 1747 1749 Deum,
1758 1683 1807 1743 aad

99 1783 128 1835 el
137 1773 474 1848 delactaraspeclantes‘l
485 1773 558 1838 Quid
568 1777 665 1827 aulem
674 1771 823 1826 diflicilius
834 1788 923 1842 quam
978 1770 1066 1826 etiam
1078 1769 1107 1823 in
1123 1786 1156 1824 ea
1166 1771 1242 1841 quad
1256 1787 1306 1842 pm
1317 1770 1423 1826 Filium
1438 1771 1525 1827 luerit
1539 1771 1619 1826 istud
1631 1771 1780 1832 allectum·
1792 1794 1808 1823 ¹·

99 1884 166 1923 cum
182 1865 288 1938 gladiis
303 1863 430 1935 pilarum
450 1877 529 1915 marc
545 1859 663 1915 ludere‘l
679 1859 748 1931 quid
774 1859 924 1916 difficilius
1013 1859 1047 1913 Et
1062 1859 1132 1912 item
1150 1875 1155 1912 :
1175 1881 1187 1906 «
1204 1857 1320 1914 Nullam
1337 1864 1435 1915 autem
1451 1859 1685 1917 imbecillitatem
1697 1859 1809 1935 aliquid

99 1971 189 2028 quam
200 1969 289 2025 super
298 1952 402 2005 lunum
411 1953 563 2004 extensum
575 1947 725 2003 amlmlarc
734 1947 820 2003 reluli
835 1965 924 2021 super
979 1947 1104 2003 nobilior
1116 1963 1149 2002 ea
1160 1948 1237 2018 eluad
1249 1947 1322 2002 dixit
1334 1948 1447 2004 Patrem
1458 1948 1685 2022 indignaturum
1697 1967 1752 2023 pro
1762 1949 1812 2025 bia,

99 2039 362 2115 aqualasalum,ct
376 2054 494 2093 rursum
511 2036 710 2091 ambulantem
732 2036 842 2105 vestiri,
859 2054 925 2109 apa·
979 2055 1041 2108 qun
1064 2036 1151 2091 luerit
1175 2035 1297 2108 indigna
1322 2053 1488 2109 perpessus.
1505 2037 1565 2093 Hac
1589 2037 1687 2111 magis
1709 2038 1809 2099 multo

100 2130 176 2196 liari,
191 2135 334 2201 tanquam
355 2126 385 2181 in
412 2125 485 2181 lecta
510 2125 630 2181 sedeat‘l
646 2126 746 2180 Nonne
769 2125 922 2194 mirabilis,
979 2125 1071 2180 Patris
1082 2125 1158 2180 eirea
1171 2124 1276 2180 Filium
1287 2124 1451 2181 dilectionis
1459 2129 1488 2182 et
1498 2125 1618 2183 honoris
1628 2126 1808 2185 ostenditur.

101 2218 186 2275 nabis
201 2216 258 2273 isla
274 2233 320 2271 res
339 2232 402 2270 esse
424 2214 548 2282 videtur,
564 2218 592 2268 et
617 2214 756 2269 terribilis
780 2219 812 2269 ut
835 2214 923 2270 istium
979 2214 1032 2280 Qui
1048 2215 1126 2269 enirn
1150 2213 1322 2285 indignatur
1344 2231 1396 2286 pra
1422 2230 1465 2282 aa,
1482 2213 1630 2285 quomado
1651 2219 1809 2279 extraneus

100 2306 198 2364 videre
222 2304 361 2372 nolimuS,
386 2304 436 2359 sed
460 2303 618 2358 timeamus
647 2307 675 2357 ct
702 2307 863 2359 tremamus
888 2304 923 2359 ad
979 2304 1015 2358 ab
1032 2302 1081 2358 illa
1096 2319 1159 2357 esse
1175 2302 1351 2374 conjicitur?
1367 2303 1448 2368 Quod
1463 2302 1551 2360 ctiam
1566 2303 1596 2360 in
1619 2303 1678 2361 alia
1701 2304 1811 2363 dicitur

102 2397 201 2470 ipsum
226 2393 397 2466 aspectum?
412 2391 485 2458 Quid
511 2395 608 2447 aulem
633 2392 760 2463 gravius,
777 2393 822 2447 dic
839 2393 923 2460 milri,
979 2390 1092 2463 psalma
1111 2408 1117 2446 :
1135 2393 1192 2463 (lui
1206 2392 1310 2446 brebitat
1324 2394 1354 2446 ic
1368 2393 1443 2447 eolis
1458 2392 1587 2449 irridebit
1600 2409 1655 2463 aas,
1667 2401 1696 2451 et
1713 2395 1811 2453 aaut·

102 2500 191 2558 quam
204 2481 383 2557 prafundum
400 2479 493 2552 pelagi
509 2480 642 2547 serutari,
659 2486 688 2535 et
708 2483 807 2537 decem
832 2481 925 2539 miliia
979 2496 1031 2535 arus
1046 2481 1226 2535 artbsommbit
1239 2497 1293 2535 eoa.
1309 2482 1380 2536 Taua
1394 2481 1518 2552 loquetur
1531 2480 1567 2536 ad
1581 2497 1625 2539 eos
1641 2483 1670 2536 in
1686 2483 1808 2551 ircano,

102 2571 174 2628 alias
189 2575 266 2629 artas
281 2570 347 2642 quis
363 2569 458 2624 dicere
471 2569 580 2640 possit?
596 2568 625 2624 Si
642 2569 772 2624 aunuum
799 2570 924 2627 istarum
979 2576 1004 2624 et
1017 2570 1047 2623 iu
1062 2571 1156 2639 tirrorc
1179 2585 1229 2624 suo
1252 2570 1426 2625 conturbabit
1447 2586 1491 2626 eos
1517 2570 1603 2641 (Pani.
1629 2588 1660 2638 n,
1677 2573 1717 2641 4).
1735 2595 1750 2620 a
1773 2571 1810 2631 tu

102 2660 215 2723 facilior
229 2665 275 2717 ast
289 2657 689 2726 xi1·lus,sivuluerinruselin
705 2658 809 2713 rmlum
828 2677 926 2716 ascen·
980 2659 1085 2712 ilerum
1110 2657 1172 2728 ipsa
1197 2657 1269 2712 dixit
1286 2675 1292 2712 :
1309 2681 1323 2708 a
1337 2660 1393 2715 Eas
1417 2663 1515 2716 autem
1537 2660 1589 2732 qui
1614 2677 1662 2718 ma
1686 2661 1744 2719 sibi
1763 2678 1811 2720 m·

101 2751 179 2809 dero.
194 2749 273 2806 Valle
294 2748 373 2804 anim
397 2764 470 2819 arius
492 2751 536 2802 est
560 2747 608 2802 hic
632 2750 756 2815 tantum,
774 2752 802 2802 et
826 2749 926 2805 aurrria
980 2763 1069 2820 guare
1085 2746 1251 2815 noluerunt,
1268 2747 1403 2804 adducito
1419 2748 1449 2804 in
1462 2753 1622 2820 conspectu
1637 2766 1704 2807 maa
1719 2753 1749 2808 et
1762 2749 1813 2808 in·.

101 2844 277 2912 sequuntur.
295 2839 358 2894 Nau
374 2841 456 2909 pales
472 2834 548 2891 anim
565 2836 660 2891 dicere
678 2853 684 2892 :
703 2836 765 2891 Nau
791 2854 923 2909 passum,
980 2835 1115 2892 terimile.
1132 2835 1205 2902 Quia
1219 2852 1283 2891 rare
1298 2836 1362 2907 ejus
1378 2840 1448 2893 sual
1462 2836 1523 2893 haec
1537 2837 1637 2906 rerba,
1649 2839 1721 2895 audi
1736 2839 1809 2912 quid

100 2944 194 3002 nequa
207 2944 345 2985 accusare
360 2931 442 2998 pates
462 2924 656 2981 Conditorem.
675 2926 703 2981 Si
720 2925 798 2980 enim
815 2926 924 2998 inmas·
980 2923 1057 2980 diaat
1072 2928 1100 2978 ct
1116 2925 1145 2979 in
1158 2923 1286 2979 alialaca
1303 2941 1309 2978 :
1327 2925 1433 2992 Quoties
1448 2926 1525 2982 volui
1545 2942 1713 2998 congregare
1735 2927 1814 3000 filiae

99 3017 201 3076 sibiles
216 3034 269 3073 nas
285 3015 361 3086 lecit,
372 3014 476 3070 deinde
486 3013 618 3086 imperat,
626 3015 773 3070 accusatio
789 3016 852 3087 ejus
868 3020 922 3072 est.
979 3021 1037 3069 tuos
1049 3022 1074 3068 et
1088 3013 1219 3068 nalrn'rtil
1232 3014 1297 3068 Eece
1315 3015 1486 3086 relinquetur
1500 3015 1576 3071 vobis
1598 3013 1697 3071 domus
1719 3024 1810 3074 ceam

99 3091 249 3174 Ouamada
259 3102 539 3178 erga,inquit,1nulli
551 3120 608 3158 nau
620 3104 761 3174 passuul?
775 3106 924 3170 Quamada
978 3101 1082 3157 deserta-
1098 3103 1173 3173 (lete.
1184 3119 1246 3168 xm,
1263 3103 1319 3171 34).
1336 3103 1491 3159 utiterum
1509 3120 1515 3158 :
1532 3104 1680 3175 deseretur
1700 3105 1810 3164 alubis

99 3209 178 3266 erga,
194 3190 281 3249 multi
296 3191 409 3258 uolunt,
426 3189 482 3243 dic.
495 3190 524 3244 Si
549 3190 627 3244 euim
648 3190 802 3258 valuerint,
822 3170 960 3248 amnesc
980 3191 1163 3259 mummolini,
1179 3199 1205 3246 et
1218 3190 1329 3245 elabitur
1342 3194 1417 3259 nenti
1440 3193 1554 3262 docmati
1574 3195 1684 3264 [ructus
1705 3195 1807 3266 ejum

99 3283 266 3352 patuerunt.
274 3278 395 3349 Propter
409 3276 462 3330 lica
477 3281 505 3330 et
516 3275 624 3331 Paulus
640 3278 710 3332 dicit
727 3295 732 3333 :
752 3280 814 3335 l'olo
832 3296 923 3337 ainana
978 3280 1012 3334 ln
1028 3279 1097 3334 item
1115 3296 1120 3334 :
1135 3303 1149 3329 a
1164 3280 1193 3334 lu
1210 3279 1264 3335 hac
1280 3279 1429 3335 cernimur
1443 3279 1555 3337 similes
1565 3280 1670 3352 Demsi
1684 3287 1809 3343 arnelas

99 3369 223 3425 marinos
247 3381 304 3422 esso
325 3367 397 3421 sicat
414 3372 440 3421 et
461 3367 630 3436 terriunculi
644 3370 706 3424 Gar.
730 3383 780 3436 ru,
803 3368 841 3440 7),
855 3387 923 3441 qna·
978 3367 1155 3436 amabimus,
1169 3367 1326 3440 diligamus
1342 3367 1430 3442 ctiam
1445 3368 1580 3426 inimicas
1596 3375 1715 3428 nostras
1726 3388 1734 3427 ε
1746 3389 1806 3429 nan

100 3442 180 3513 niam
196 3454 306 3512 sciebat
328 3453 397 3527 quia
412 3471 514 3509 amnes
528 3459 663 3526 poteraut
677 3450 741 3512 assa
756 3456 833 3513 sieut
848 3458 921 3531 ipse.
978 3462 1076 3512 autem
1099 3457 1123 3513 si
1147 3457 1232 3530 signa
1256 3457 1300 3513 rel
1328 3457 1470 3514 miracula
1494 3459 1661 3515 fecerimus.
1677 3460 1753 3517 Nam
1777 3465 1806 3519 at

99 3546 290 3618 Nequaquam
306 3543 382 3599 anim
400 3543 453 3599 hae
468 3541 585 3612 diceret,
598 3544 621 3598 si
638 3543 819 3616 impassibile
833 3552 920 3603 asset.
977 3544 1069 3600 Deum
1085 3545 1182 3617 ipsum
1198 3546 1380 3601 admiramur
1394 3546 1513 3618 quidem
1528 3546 1673 3604 miracula
1699 3549 1805 3608 lacien-

98 3633 220 3691 visitari
230 3652 237 3703 ;
249 3632 426 3705 principium
439 3633 812 3704 lantumaltprebendedlic
823 3640 921 3692 aulam
976 3637 1047 3700 tem,
1062 3634 1112 3689 sed
1129 3632 1255 3705 aurplius
1280 3634 1462 3690 admiramur
1484 3635 1675 3692 miserantem
1695 3642 1725 3694 et
1739 3636 1804 3694 lan·

98 3723 183 3792 mihi,
198 3722 228 3779 in
254 3720 366 3778 artibus
390 3720 514 3788 cunctis,
532 3737 599 3776 cum
623 3721 800 3779 valuerimus
825 3725 854 3779 iu
879 3727 922 3783 ais
975 3723 1133 3794 ganimiler
1157 3723 1361 3778 sustinentem.
1385 3723 1415 3780 Si
1439 3723 1530 3797 igitur
1555 3729 1584 3780 et
1609 3725 1639 3780 iu
1664 3725 1803 3799 ipsaDaa

98 3810 218 3887 perlecti
246 3809 319 3877 fieri,
336 3826 393 3864 nan
421 3809 531 3864 sultlcit
554 3809 639 3864 nabis
668 3809 750 3878 cella,
768 3829 804 3867 aa
832 3814 921 3872 etiam
976 3809 1048 3865 illud
1063 3810 1190 3882 amplius
1214 3810 1677 3885 ud111i1·a11dun1,qua11lamagis
1701 3813 1731 3870 in
1750 3812 1802 3871 ha·

98 3899 287 3975 aggredimur
300 3896 380 3969 ipsas
395 3897 464 3953 ras?
479 3896 574 3953 Veluti
586 3899 663 3970 quad
679 3899 743 3955 dica
761 3917 766 3955 :
783 3901 853 3957 Vult
868 3902 920 3958 ali·
976 3898 1073 3954 mine?
1090 3922 1103 3947 n
1475 3897 1483 3903 “

97 3988 165 4061 quis
188 3985 251 4044 fieri
272 3986 471 4060 guberualcr:
490 4003 547 4041 nau
572 3986 643 4042 dicit
667 3987 747 4056 Vola,
764 3994 793 4044 et
814 3989 869 4046 hac
895 3991 921 4047 ci
1011 3987 1044 4042 lit
1058 3987 1129 4042 itam
1147 4004 1152 4043 :
1171 3987 1223 4043 «Si
1238 3988 1315 4044 anim
1328 3993 1425 4061 patres
1439 3989 1802 4062 vestri,inquit‚quiauan

97 4076 216 4145 suffieit,
231 4076 282 4132 sed
298 4074 386 4131 ctiam
402 4092 464 4131 ram
479 4074 574 4146 ipsam
587 4075 764 4148 aggreditur.
772 4077 842 4134 Vult
857 4080 919 4135 lieri
975 4075 1249 4147 speraveruntsicul
1257 4079 1409 4148 oportebat
1419 4094 1546 4150 sperare,
1556 4078 1617 4135 hac
1627 4078 1710 4150 passi
1719 4082 1799 4151 sunt,

96 4166 282 4242 negotiator:
300 4180 358 4220 nan
374 4163 445 4219 dicit
456 4163 525 4220 Vale
542 4168 669 4232 tantum,
681 4166 733 4221 sed
747 4167 835 4223 ctiam
857 4186 919 4224 ram
974 4163 1330 4236 111ult0ampliusrasbd
1345 4165 1411 4223 illos
1429 4166 1508 4222 enim
1523 4166 1578 4224 ista
1597 4183 1696 4226 sermo
1708 4168 1805 4226 lactus

95 4254 287 4331 aggreditur:
304 4257 332 4312 ot
347 4252 388 4312 sic
404 4253 541 4310 amnibus
555 4270 614 4309 nau
630 4253 739 4309 sul'ticit
757 4255 830 4311 velle
855 4261 919 4313 tan-
974 4258 1026 4309 ast
1037 4253 1126 4309 lladia
1137 4255 1666 4329 auraquc,inquit,scmperestdonea
1685 4261 1804 4315 canant

95 4348 171 4412 tum,
187 4346 238 4403 sed
254 4345 341 4402 otiam
357 4361 430 4416 opus
445 4348 559 4415 oportet
574 4342 689 4399 addere.
703 4343 735 4398 ln
751 4344 856 4401 emlunr
871 4364 920 4402 au·
974 4343 1114 4398 mundus.
1132 4343 1288 4414 Pcapterea
1303 4344 1496 4406 consolamini
1510 4362 1561 4402 vas
1576 4345 1658 4418 ipsos
1673 4362 1727 4419 par
1740 4345 1801 4403 ain·

36 4460 41 4466 ·
96 4418 154 4509 tem
168 4431 268 4489 valeus
284 4434 440 4489 ascendere
455 4431 526 4488 dieit
540 4435 655 4491 tautum
670 4432 751 4489 Vola.
769 4435 925 4500 Quomodo
973 4431 1058 4504 gulas
1074 4431 1135 4488 dies
1151 4448 1304 4505 usquequa
1317 4438 1438 4490 vacatur
1452 4433 1539 4490 hodia
1556 4450 1563 4490 :
1579 4433 1635 4490 hac
1650 4433 1801 4502 ostenditi-

96 4535 164 4592 crga
179 4519 305 4589 dicebas,
322 4521 429 4591 iuquit,
444 4521 514 4593 quia
527 4521 599 4577 vella
625 4521 753 4577 sufficit?
773 4524 828 4578 Sed
847 4524 956 4603 vellaD
973 4523 1037 4577 calc
1060 4519 1194 4587 invicem,
1212 4523 1348 4595 corrigite
1368 4539 1421 4578 ras
1446 4521 1536 4594 ipsas,
1563 4539 1599 4578 na
1628 4523 1806 4596 contingant

96 4623 164 4662 aum
180 4623 267 4679 apara
282 4608 513 4680 apprehendens,
529 4610 616 4666 eliam
633 4625 695 4666 rem
716 4628 782 4667 cum
808 4611 917 4669 labare.

96 4694 243 4769 llabcmus
254 4694 361 4767 quippe
372 4702 589 4767 cooperatorem
599 4703 626 4754 el
638 4700 801 4770 adjutorem
814 4702 916 4758 Deum.

94 4783 223 4839 Tantum
233 4799 295 4841 rem
305 4799 504 4854 assumamus,
514 4790 629 4841 tautum
641 4786 729 4843 reluti
745 4789 781 4844 ad
792 4807 866 4862 opus
875 4808 919 4846 ac-

94 4872 233 4930 cedamus
244 4871 281 4927 ad
297 4887 368 4940 rem,
384 4876 498 4928 tantum
522 4890 623 4929 curam
639 4892 786 4946 geramus,
802 4883 918 4934 tantum

93 4961 236 5027 iumenta
258 4977 413 5034 ponamus,
431 4965 459 5016 ct
481 4966 586 5018 cuncta
608 4969 778 5035 sequentur.
796 4966 826 5021 Si
851 4985 917 5023 xero

93 5051 348 5120 dormierimus,el
363 5053 519 5106 stertentes
531 5068 682 5122 speremus
697 5052 804 5109 intrare
819 5054 849 5109 in
865 5071 918 5112 em

93 5141 291 5216 lum,quanda
315 5139 476 5212 poterimus
490 5139 689 5196 haereditatem
710 5141 848 5198 caelorum
864 5162 916 5217 ap·

92 5230 291 5302 prehendere?
307 5227 513 5284 Dcsidarcmus
529 5229 606 5283 aaa
622 5243 689 5299 ergo
705 5227 914 5298 hmaabsecra,

92 5318 303 5377 desideremus.
321 5317 394 5383 Quid
412 5316 510 5372 annua
525 5317 561 5372 ad
578 5321 749 5387 praesentem
764 5317 852 5373 ritum
869 5336 917 5376 ne·

91 5405 916 5480 galiamur,qumcrastinaderelinquemus?Assumamus

91 5491 182 5565 igitur
192 5495 411 5570 virtutemque
425 5494 509 5552 nabis
519 5495 549 5551 in
560 5498 735 5567 perpetuum
746 5496 913 5564 sufficietis

92 5596 150 5660 qua
165 5582 274 5642 erimus
289 5600 404 5660 semper
418 5589 446 5644 ct
460 5585 576 5644 eternis
591 5583 676 5642 banis
691 5584 832 5643 l'rucmur.
850 5606 864 5636 »
879 5585 915 5643 lit

972 4610 1055 4666 rabis
1071 4609 1190 4677 similia,
1208 4628 1242 4666 ue
1259 4611 1419 4666 obduratur
1433 4611 1591 4683 quisquam
1607 4626 1642 4667 ex
1655 4610 1741 4669 vobis
1755 4612 1801 4669 da-

973 4698 1098 4770 cipiente
1113 4699 1382 4769 raeaeatadltendis
1395 4700 1466 4772 quia
1478 4698 1637 4755 infidelitas
1646 4704 1800 4771 peccalum

973 4786 1064 4842 lacit?
1078 4787 1160 4842 Sicut
1175 4786 1251 4842 enim
1267 4787 1424 4844 iulldclitas
1441 4787 1602 4860 malignam
1615 4787 1708 4844 ritum
1729 4805 1801 4862 pro·

973 4880 1061 4946 creat,
1069 4875 1110 4930 sic
1126 4874 1214 4931 etiam
1230 4875 1328 4930 anima
1339 4877 1457 4948 quanda
1472 4876 1501 4931 in
1518 4876 1699 4948 prafundum
1711 4875 1801 4941 mala·

972 4981 1038 5019 rum
1053 4963 1164 5019 vernarit
1178 4962 1553 5031 contemnit,⁸cantemncns
1578 4969 1678 5021 aulem
1704 4981 1800 5038 nequa

972 5054 1089 5109 credere
1102 5052 1212 5126 patitur
1224 5057 1257 5107 ut
1270 5070 1300 5109 se
1316 5054 1420 5110 limare
1434 5054 1547 5110 liberet.
1556 5053 1634 5110 Dixit
1657 5069 1799 5126 namque,

970 5141 1075 5213 inquit,
1092 5142 1151 5197 illan
1169 5141 1271 5197 videbit
1291 5143 1537 5215 Heraclammone
1560 5142 1698 5211 intelliget
1711 5142 1798 5214 (Psoi.

968 5231 1101 5302 sarrai).
1127 5252 1141 5281 u
1172 5231 1206 5285 ut
1235 5229 1305 5285 item
1322 5248 1328 5284 :
1346 5231 1507 5297 ‹eQuidam
1536 5229 1615 5286 anim
1643 5230 1799 5289 audientes

970 5318 1210 5386 amaricaverunt,
1236 5319 1285 5373 sed
1316 5337 1373 5374 uon
1402 5337 1504 5376 omncs
1534 5318 1584 5391 qui
1612 5321 1687 5375 m
1720 5319 1798 5377 axia·

970 5411 1038 5463 rant
1053 5424 1087 5462 ex
1114 5408 1233 5480 AEgypla
1259 5424 1310 5479 par
1331 5408 1470 5481 Maysam.
1486 5407 1597 5476 Quibus
1614 5412 1713 5464 autem
1738 5408 1797 5464 ira·

968 5502 1017 5552 tus
1041 5500 1085 5551 est
1106 5496 1301 5568 quadraginta
1328 5496 1434 5555 anuis‘l
1456 5514 1552 5554 noune
1579 5497 1795 5569 peccatoribus,

969 5601 1095 5663 quarum
1124 5583 1256 5643 membra
1282 5584 1450 5646 cecideruut
1476 5587 1507 5644 in
1535 5584 1656 5645 crema?
1683 5585 1798 5655 Quibus
