3824 6096
62 370 126 432 85
421 367 473 429 ott
496 365 877 431 essessslttsslous
899 363 1159 429 utsscsalale
1180 366 1413 431 Possumne.
1710 374 1774 437 ffit's

64 505 138 564 idem
160 504 280 580 Spiritus
294 504 323 575 (l
337 502 398 563 Cor.
414 520 464 572 ru,
488 503 542 577 10).
559 505 595 561 llt
617 504 723 561 iterum
747 502 891 576 scriptum
905 499 934 575 A
947 502 1029 560 ribus
1044 501 1135 577 igitur
1145 502 1182 559 ad
1193 501 1318 561 salutem
1329 501 1551 563 resurrectionis
1560 510 1606 563 est
1614 513 1767 569 mortuus:

63 602 111 654 cst
126 613 134 655 ε
152 596 224 667 Quos
237 597 383 669 prescivit,
403 595 453 652 dos
480 604 507 653 et
530 595 753 669 amicitiamn
772 602 799 651 ct
826 610 891 668 quoa
945 595 997 652 sed
1012 594 1210 652 sanctificatos
1225 594 1255 651 ia
1271 593 1414 667 sanguine
1430 612 1483 652 sao
1499 594 1624 655 salvabit
1636 600 1673 657 ab
1687 600 1740 658 ira.
1754 624 1769 652 a

61 687 283 762 pedetenus,
298 686 346 742 tos
359 692 386 742 ct
398 687 518 754 octavie-
539 694 566 741 et
585 701 650 758 qacos
674 686 787 751 accersit,
804 685 851 741 hos
865 692 892 743 et
944 685 980 743 lta
997 685 1026 741 S.
1037 684 1221 757 Augustinus
1236 683 1355 741 in'libro
1370 685 1512 756 vigesimo
1532 687 1567 744 de
1582 686 1703 747 Ciuitate
1718 690 1773 748 est

57 776 241 851 justificante
263 782 376 848 ecquos
396 776 568 848 justificavit,
595 776 657 832 illos
681 783 707 831 ct
728 776 892 847 glorificavit
944 774 1039 846 eapite
1053 774 1193 847 vigesimo
1210 778 1290 831 sexto
1302 790 1327 830 :a
1339 774 1392 832 Pro
1403 775 1541 833 erunibus
1553 779 1677 835 mortuis
1686 777 1778 837 meae

63 867 153 935 (item.
164 863 294 935 νιθι,29).
306 864 341 920 at
359 864 441 932 item,
456 864 545 936 Elegit
560 882 611 922 ees
627 873 689 922 cete
709 873 828 938 tempore
842 882 889 920 su·
945 868 1080 921 mortuus
1095 868 1141 920 est
1161 882 1249 932 unus,
1266 865 1295 920 id
1315 870 1369 930 est,
1387 864 1502 922 nullum
1521 867 1634 923 habeus
1649 869 1775 926 omnino.

62 955 184 1020 uasta,
193 952 403 1026 predestinatos,
416 969 476 1024 eos,
488 953 516 1009 id
528 958 573 1010 est
586 971 763 1028 preparans,
779 963 810 1011 ut
823 971 891 1011 csse-
944 957 1107 1026 peccatum,
1119 959 1153 1010 ut
1166 953 1216 1026 qui
1232 970 1283 1025 per
1301 954 1505 1011 remissionem
1525 959 1711 1028 peecatorum
1728 957 1769 1014 vi·

61 1060 125 1100 m
153 1044 243 1099 sancti
271 1049 298 1098 et
323 1043 494 1099 immaculati
513 1043 621 1115 (Epist.
636 1044 704 1115 ι,1).
721 1044 793 1100 Hine
821 1061 890 1117 ergo
943 1046 1025 1110 vunt,
1038 1044 1100 1114 jam
1118 1061 1176 1100 nan
1196 1044 1251 1100 sibi
1267 1044 1372 1110 vivant,
1385 1045 1435 1099 scd
1451 1045 1477 1100 ei
1493 1045 1543 1117 qui
1564 1063 1616 1118 pro
1630 1047 1770 1104 carnibus

61 1132 171 1188 scitum
181 1132 315 1205 estquod
326 1131 386 1205 qui,
399 1136 431 1188 ut
442 1131 496 1188 hoc
506 1133 889 1190 diffinitionisconditienali
944 1137 1078 1189 mortuus
1093 1138 1137 1188 est
1158 1137 1277 1206 propter
1296 1137 1413 1205 peccata
1435 1139 1546 1201 nostra,
1558 1139 1588 1191 et
1611 1138 1772 1193 resurrexit

59 1226 163 1282 tenore
177 1222 352 1291 ostenditur,
371 1223 443 1279 dicit
466 1227 517 1279 aut
541 1223 760 1297 subintelligere
786 1241 888 1280 susur·
943 1227 1062 1295 prepter
1067 1221 1309 1293 justificationem
1320 1224 1768 1289 uestram,utcredentesineum

61 1312 154 1369 raado
169 1311 330 1381 coneedit,
343 1312 482 1385 quoniam
497 1312 740 1382 Antichistus,vel
764 1313 890 1386 quilibet
943 1311 992 1383 qni
1004 1312 1150 1384 justificat
1165 1312 1299 1384 impium,
1311 1330 1346 1368 ex
1360 1311 1508 1384 impietate
1524 1313 1691 1383 justificati,
1702 1320 1768 1373 tan-

60 1400 177 1473 reprohi
188 1417 224 1457 ex
234 1401 293 1457 Deo
304 1401 432 1458 habeant
442 1419 561 1460 causam
575 1402 756 1475 perditionis,
765 1403 808 1458 vel
823 1420 889 1476 ope·
943 1418 1032 1472 quum
1044 1418 1077 1457 ex
1086 1405 1178 1457 morte
1186 1400 1320 1457 vivificati
1326 1402 1375 1468 ‚nd
1387 1401 1512 1473 primam
1524 1404 1769 1462 resurrectionem

60 1486 175 1546 ratione
190 1489 287 1563 ipsius
300 1495 430 1563 pereant,
442 1507 500 1547 non
515 1490 688 1558 catholicus,
700 1493 750 1549 sed
766 1491 888 1550 insanus
943 1504 1007 1561 que
1018 1504 1096 1546 nuuc
1107 1494 1153 1547 est
1164 1488 1307 1562 pertinere
1318 1488 1476 1560 possimus.
1485 1489 1527 1545 Ad
1540 1488 1701 1547 hanceuim
1713 1490 1770 1564 prl-

59 1581 114 1650 cst,
125 1578 189 1636 etsi
200 1578 410 1653 incorrigibilis
420 1596 603 1652 perseverare
613 1581 760 1650 maluerit,
772 1584 808 1640 ab
823 1583 889 1658 ipsa
943 1595 1022 1634 mam
1033 1578 1088 1636 soli
1099 1579 1246 1652 pertinent
1255 1578 1306 1650 qui
1321 1577 1399 1634 beati
1410 1581 1496 1634 erunt
1511 1576 1541 1633 in
1555 1581 1696 1635 eternum
1709 1597 1715 1634 :
1729 1580 1769 1636 ad·

60 1665 148 1723 θῖῖιω
158 1666 352 1725 collocutione
362 1667 493 1725 unctium
503 1670 801 1743 propellendusNam
813 1678 888 1731 neus
942 1668 1102 1725 secundam
1122 1684 1198 1734 vera,
1210 1669 1247 1724 de
1261 1685 1320 1739 qua
1339 1683 1406 1723 mox
1426 1665 1542 1723 locutus
1557 1670 1610 1734 est,
1623 1671 1651 1724 et
1666 1668 1768 1725 beatos

60 1754 175 1825 vindex,
188 1772 247 1812 nea
263 1761 365 1814 auctor
381 1757 450 1813 mali
467 1762 521 1823 est,
532 1775 582 1815 ccc
601 1761 693 1816 volens
715 1763 889 1836 iniquitatem
942 1757 1086 1830 pertinere
1099 1757 1215 1815 decebit
1229 1761 1257 1814 et
1273 1756 1406 1812 miseros.
1418 1754 1477 1812 Ista
1492 1760 1537 1812 est
1549 1755 1765 1824 misericordie,

60 1845 265 1914 (beatudini
275 1846 523 1919 scriptumestllt
533 1849 705 1922 cunctisqui
717 1851 789 1907 salvi
801 1853 886 1920 llunt,
903 1878 927 1947 B
942 1844 993 1903 illa
1003 1845 1109 1919 judieii
1121 1863 1128 1903 :
1141 1851 1258 1919 propter
1277 1846 1354 1918 quod
1371 1844 1400 1899 in
1424 1842 1537 1917 psalmo
1551 1843 1696 1929 seriptum
1710 1848 1764 1912 est,

62 1932 438 2006 namsalutisestmemini
448 1940 884 2012 eutemcausaperditionisest,
941 1936 1155 1994 Misericordiam
1167 1945 1194 1993 ct
1202 1935 1342 2009 judiciem
1354 1935 1467 1992 ucnmto
1481 1933 1541 2000 titi,
1555 1935 1668 1990 domine
1677 1935 1765 2003 (Psel.

63 2022 109 2095 qai
123 2038 230 2083 omnes
240 2023 303 2080 vult
317 2023 412 2082 salvos
426 2026 499 2094 llari,
511 2032 540 2082 et
551 2028 698 2085 neminem
710 2030 771 2086 vult
781 2032 884 2103 perire.
942 2042 968 2091 c,
985 2026 1022 2098 1).
1035 2048 1049 2076 »
1065 2027 1100 2084 st
1113 2025 1287 2083 Ambrosius
1307 2024 1337 2079 in
1359 2023 1490 2095 Epistola
1513 2024 1549 2079 ad
1575 2022 1740 2079 Corinthios
1757 2039 1764 2079 τ

63 2110 200 2177 helcaim
207 2113 568 2185 spreveruutroluntatem
575 2117 690 2175 Domini
703 2119 884 2188 invitantem,
940 2115 1016 2171 Sicut
1030 2115 1107 2171 enim
1124 2116 1155 2170 io
1169 2114 1254 2170 Adam
1266 2129 1358 2170 omncs
1372 2113 1541 2178 succidetur,
1557 2113 1596 2167 ita
1610 2113 1641 2167 in
1656 2111 1771 2168 Christe.

10 2266 12 2287 ἰ
63 2198 240 2266 volontatem
255 2201 373 2259 Domini
386 2203 513 2260 sentient
527 2204 884 2282 vindicantem,quoniam
939 2221 1031 2262 omncs
1057 2204 1268 2276 vivificabuntur
1291 2203 1320 2272 (l
1342 2203 1403 2259 Cer.
1427 2220 1473 2270 xv,
1498 2201 1596 2272 22);«
1622 2201 1767 2258 Omnibus

64 2287 130 2344 nelli
143 2289 335 2348 correctionis
347 2291 451 2351 adimit
459 2291 546 2361 dam,
558 2310 611 2351 nec
622 2313 800 2369 quemquam
815 2298 888 2355 boni
940 2311 1009 2366 ergo
1024 2294 1159 2366 quisunt
1174 2311 1208 2349 ex
1227 2294 1293 2365 ejus
1312 2308 1431 2365 corpore
1449 2290 1605 2363 acquisivit
1619 2289 1719 2356 vitam,
1736 2290 1771 2355 te

63 2376 254 2448 possibilitate
269 2379 418 2453 dispoliat.
430 2382 485 2439 Sed
498 2383 591 2455 quise
606 2385 642 2441 ab
653 2401 686 2441 eo
697 2386 809 2455 avertit,
822 2388 885 2462 ipse
939 2387 985 2439 est
1004 2383 1258 2449 resurrectionem,
1275 2380 1410 2454 quemvis
1433 2378 1609 2452 generaliter
1630 2378 1769 2436 tribuerit

63 2480 115 2522 aon
126 2467 206 2524 Deus
217 2467 415 2544 etvallequod
432 2471 542 2527 bonum
560 2478 647 2530 estet
662 2492 747 2548 posse
762 2477 818 2533 sibi
835 2495 884 2534 sn·
938 2471 1332 2528 resurrectionem.»l]titem
1342 2469 1372 2525 in
1386 2470 1488 2526 eadem
1497 2468 1641 2541 Epistola:
1651 2468 1768 2526 l'crtam

10 2564 12 2571 '
61 2554 152 2613 alulit.
162 2556 228 2613 Noa
243 2563 289 2614 est
303 2574 372 2632 ergo
382 2576 565 2634 consequens
576 2567 608 2618 ut
620 2563 696 2619 heus
707 2565 815 2636 quibus
828 2583 885 2639 pm·
937 2563 1012 2617 enim
1027 2563 1116 2617 crucis
1134 2561 1310 2630 percurrtitus
1325 2558 1434 2630 quidem
1451 2559 1569 2614 stultitia
1583 2565 1623 2614 est
1637 2558 1763 2624 <lCor.r,

55 2643 212 2703 pitantiam
228 2663 286 2703 non
301 2646 421 2716 dederit,
432 2650 665 2723 resipiscentiam
680 2653 844 2722 abstulerit,
856 2659 885 2711 at
939 2651 982 2717 ¹8)
999 2667 1006 2706 t
1021 2671 1035 2699 «
1056 2649 1243 2704 Manifestum
1269 2653 1314 2702 est
1336 2646 1405 2718 quie
1429 2646 1536 2718 quibus
1560 2662 1630 2702 crux
1654 2646 1764 2704 Christi

53 2747 131 2804 quos
144 2749 205 2791 nou
220 2734 357 2792 lavaverit
367 2736 500 2804 alliserit,
511 2756 578 2795 cum
593 2739 672 2796 aliud
684 2741 723 2798 sit
737 2743 882 2799 insontem
938 2737 1065 2795 stultitia
1076 2741 1121 2795 est
1136 2738 1164 2792 in
1182 2735 1344 2809 perditione
1356 2738 1435 2801 sunt,
1448 2734 1567 2790 interne
1580 2734 1659 2790 enim
1675 2736 1762 2792 morti

48 2819 206 2880 inerimen
217 2822 315 2897 egisse
325 2826 459 2898 perquod
469 2828 692 2901 adsupplicium
705 2831 881 2903 pervenitur,
938 2843 995 2881 non
1011 2830 1081 2881 sunt
1095 2825 1202 2898 erepti;
1218 2825 1261 2880 liis
1275 2831 1366 2879 aeorm
1380 2825 1429 2895 qui
1441 2822 1513 2878 solui
1530 2823 1602 2892 pum
1615 2825 1701 2879 cicera
1712 2824 1763 2880 occ·

41 2912 133 2984 qaod
148 2911 281 2970 alienum
296 2919 341 2971 est
363 2931 381 2970 e
402 2915 461 2972 Deo
473 2932 479 2971 :
492 2915 571 2977 aliud
596 2917 754 2974 criminose
768 2921 881 2976 veniam
937 2914 1091 2985 cst=(itid.).
1104 2914 1166 2970 Nea
1185 2917 1229 2969 est
1244 2913 1413 2978 obscurum,
1427 2910 1497 2982 quia
1510 2909 1558 2968 his
1571 2910 1622 2983 qui
1638 2911 1763 2968 eredunt

33 3012 110 3058 noa
125 2999 257 3070 dedisse,
270 3003 350 3076 quod
364 3004 400 3060 de
422 3006 583 3076 peccatoris
606 3011 651 3062 cst
674 3007 789 3076 merito,
806 3013 834 3065 et
848 3026 883 3066 ex
935 3003 1030 3061 virtus
1040 3002 1091 3060 Dei
1104 3006 1148 3058 est
1161 3020 1168 3058 :
1181 3001 1305 3058 credunt
1315 2999 1393 3057 enim
1407 3016 1465 3055 non
1480 2999 1682 3056 infirmitatem
1694 3017 1761 3057 esse

28 3088 247 3146 retributione
254 3091 376 3162 justitie
383 3093 457 3165 justi
465 3093 576 3166 judicis
585 3095 751 3152 vindicatur
756 3097 881 3169 judicio.
937 3109 1053 3150 crucem
1069 3091 1176 3149 Christi
1196 3091 1247 3147 sed
1269 3090 1422 3156 virtutem3
1439 3087 1636 3162 intelligentes
1655 3087 1763 3145 victam

23 3170 124 3236 Ram
137 3177 164 3234 ai
175 3178 328 3236 Christum
339 3179 385 3237 bis
396 3184 512 3238 tantum
523 3184 651 3240 remedia
662 3184 795 3243 attulisse
805 3186 883 3242 dica·
936 3186 1062 3238 mortem
1078 3180 1107 3236 in
1123 3197 1218 3247 cruce,
1235 3180 1321 3252 cujus
1344 3178 1463 3251 siguum
1479 3175 1531 3250 qui
1552 3176 1664 3233 hahent
1688 3176 1763 3235 salui

20 3278 117 3324 mae
132 3265 189 3340 qui
209 3268 353 3341 redempti
376 3273 456 3336 sunt,
471 3270 637 3328 videbimur
659 3273 807 3330 absolvere
823 3291 881 3330 nnn
897 3250 923 3318 (l
937 3275 1016 3337 sunt,
1032 3269 1102 3342 quia
1116 3270 1152 3325 ab
1168 3268 1218 3324 illa
1234 3267 1325 3323 teneri
1342 3285 1400 3323 non
1416 3269 1550 3339 possunt.
1563 3287 1577 3314 a
1588 3265 1624 3321 Ilt
1638 3264 1718 3321 Reda
1729 3263 1762 3323 in

15 3357 314 3429 redemptosques
323 3373 375 3429 pro
386 3359 583 3432 redemptione
593 3365 759 3436 contampta
766 3369 881 3421 constat
935 3363 1101 3415 commenta
1121 3359 1215 3425 Luem,
1232 3357 1403 3414 Retribuetur
1421 3357 1496 3412 enim
1515 3356 1546 3410 in
1564 3356 1761 3412 resurrectione

13 3456 111 3503 ense
128 3443 312 3518 puniendos.
326 3445 356 3502 Si
379 3446 469 3515 enim,
491 3453 525 3505 ut
547 3448 651 3507 beatus
670 3451 827 3525 Gregorius
850 3454 879 3509 in
929 3450 1068 3520 justorum
1091 3448 1167 3517 (Luc.
1187 3463 1245 3513 xlv,
1271 3446 1316 3513 ll)
1332 3462 1365 3500 2«
1383 3441 1636 3500 Resurrectionem
1662 3443 1758 3515 justo·

13 3528 175 3591 homilia
197 3534 351 3607 trigesima
373 3535 477 3608 quinta
505 3537 615 3607 scribit,
633 3556 712 3595 mors
729 3541 879 3612 J'ustarum
934 3553 1000 3592 rum
1015 3534 1096 3602 dicit,
1113 3533 1164 3606 qui
1180 3533 1233 3589 etsi
1248 3549 1349 3588 omncs
1365 3534 1528 3604 resurgant,
1543 3546 1643 3586 aarum
1659 3534 1758 3586 tamen

11 3617 184 3680 bonis-in
200 3621 381 3694 adjutorium
396 3628 451 3691 est,
463 3624 550 3682 malis
569 3625 599 3682 in
620 3627 833 3698 testimoninm,
847 3635 880 3688 ut
934 3641 992 3681 non
1012 3623 1158 3680 immerito
1173 3621 1260 3695 quasi
1280 3620 1398 3694 propria
1412 3617 1645 3692 cognominatur,
1660 3618 1710 3690 qui
1727 3618 1758 3674 in

13 3704 115 3768 hade
130 3710 265 3785 perversi
281 3711 345 3767 siue
358 3712 545 3771 excusatione
560 3720 688 3788 pereant,
702 3720 779 3775 unde
796 3719 879 3776 electi
934 3712 989 3769 hao
1004 3730 1035 3768 sc
1049 3712 1150 3768 beatos
1166 3728 1222 3765 uon
1235 3709 1372 3766 dubitant
1385 3724 1449 3764 esse
1463 3708 1588 3762 tuturos.
1602 3729 1616 3755 »
1628 3706 1663 3762 Et
1677 3706 1759 3762 Pres-

14 3798 173 3872 upiuat
192 3799 362 3872 exemplum
387 3805 420 3856 ut
441 3801 548 3871 vivant,
565 3802 658 3860 multo
682 3807 777 3879 magis
800 3824 879 3864 mors
933 3818 985 3874 per
998 3804 1100 3857 contra
1114 3798 1212 3856 Gallos
1233 3796 1346 3854 actione
1361 3813 1439 3853 nona
1453 3794 1524 3852 dicit
1539 3812 1565 3850 :a
1582 3795 1759 3867 Redemptor

20 3886 260 3960 mensoris
274 3888 366 3944 uestri
394 3905 447 3962 pro
468 3890 607 3948 omnibus
634 3895 752 3962 mortui,
765 3900 798 3951 ut
817 3913 878 3952 cre-
933 3890 1037 3947 mundi
1052 3888 1133 3945 dedit
1148 3907 1199 3961 pro
1216 3888 1326 3943 mundo
1337 3886 1511 3959 sanguinem
1522 3901 1621 3949 suum,
1632 3888 1756 3941 etmua-
1862 3882 1867 3891 “

24 3972 193 4033 &atibus
208 3978 298 4048 atque
313 3976 424 4033 devotis
439 3977 532 4048 salus,
543 3979 584 4035 ita
599 3980 756 4037 incredulis
770 3987 799 4038 et
813 4001 880 4040 eon·
933 3980 990 4036 dus
1005 3978 1108 4034 redimi
1124 3977 1227 4043 noluit,
1239 3975 1308 4048 quia
1322 3975 1417 4031 lucem
1432 3973 1557 4030 tenebre
1572 3991 1629 4029 non
1645 3990 1760 4046 recepe·

32 4063 250 4138 emptoribus
272 4081 337 4122 esse
356 4065 385 4121 ia
400 4067 652 4125 condemnationis
676 4072 878 4129 testimonium
933 4067 1194 4125 runt:etteuehrae
1207 4061 1754 4137 receperunt,quibusdieittlpostalus,
1773 4086 1783 4097 -·

41 4152 129 4209 uadi
143 4152 245 4214 debet,
262 4152 450 4226 Sequeudum
472 4160 518 4213 est
543 4156 633 4230 igitur
654 4160 731 4232 qued
757 4161 879 4236 Prosper
932 4160 1032 4215 Fecistis
1045 4154 1193 4228 cliqcmedo
1208 4153 1414 4221 terctrcemuac
1426 4159 1517 4207 cutem
1531 4151 1582 4205 tax
1598 4150 1627 4204 ic
1639 4150 1755 4205 Domino

50 4239 218 4305 malma
232 4240 305 4297 dicit
319 4245 423 4312 (emec
439 4244 538 4318 Getes)
554 4265 586 4301 :a
597 4248 739 4313 Quoniam
756 4252 879 4324 sanguis
931 4247 1039 4319 (liphes.
1051 4263 1079 4312 v,
1090 4246 1129 4311 8).
1140 4244 1176 4299 st
1199 4241 1342 4298 Dominus
1364 4239 1394 4295 in
1419 4237 1573 4309 Evangelio
1590 4254 1597 4292 :
1614 4237 1660 4293 Sic
1681 4238 1756 4292 enim

58 4325 160 4384 armat
174 4328 338 4403 redemptio
356 4336 402 4389 est
423 4332 513 4390 totius
537 4335 655 4404 mundi;
671 4355 688 4393 a
702 4354 760 4410 quo
786 4339 879 4411 pretio
932 4336 1001 4391 usus
1021 4334 1121 4389 dilevit
1141 4329 1285 4397 mundata,
1302 4336 1333 4384 ut
1352 4328 1455 4383 Filiam
1478 4342 1560 4382 seam
1583 4327 1755 4397 unigenitum

66 4418 180 4473 musi
196 4424 279 4486 sunt,
295 4418 345 4493 qui
369 4426 420 4478 aut
433 4421 567 4479 delectati
591 4425 758 4498 captivitate
773 4427 876 4483 redimi
931 4424 1017 4494 duret,
1032 4429 1062 4479 ut
1075 4422 1165 4477 omnis
1179 4420 1228 4491 qui
1240 4416 1326 4474 credit
1344 4418 1375 4472 in
1389 4431 1451 4472 cum
1463 4429 1519 4471 non
1532 4419 1633 4486 percat,
1649 4410 1696 4468 sed
1708 4412 1756 4467 hc·

73 4502 222 4574 uberum,
244 4512 297 4564 aut
325 4514 392 4582 post
419 4511 649 4584 redemptionem
677 4515 714 4570 ad
742 4518 876 4574 eamdem
932 4512 991 4568 tect
1004 4512 1089 4567 vitam
1101 4517 1233 4566 meream
1245 4506 1334 4575 (tecta.
1352 4520 1392 4570 ru,
1410 4502 1755 4574 tabennesietem

77 4597 126 4648 tut
138 4595 311 4653 servitutem
335 4600 451 4656 reversi.
468 4599 603 4658 Christus
617 4620 686 4677 ergo
710 4621 762 4676 pro
783 4605 877 4662 omni·
892 4601 1074 4682 mettium,
1092 4599 1156 4670 luia
1172 4596 1222 4651 lux
1239 4595 1311 4650 ”tall
1336 4595 1366 4648 iu
1389 4591 1533 4658 mundum,
1549 4599 1576 4646 0⁸
1599 4589 1756 4646 tlt'lmfflttl

80 4675 231 4756 &pamas
243 4686 446 4755 est,licetuon
461 4692 719 4763 omnespassiouis
733 4695 798 4767 ejus
814 4712 876 4768 my·
931 4689 1053 4746 lomim
1081 4687 1204 4743 tenebras
1233 4684 1322 4752 matti
1342 4697 1424 4753 111αή
1451 4681 1539 4737 1110111
1552 4696 1562 4733 ·’
1577 4686 1655 4735 mm
1681 4680 1756 4734 enlm

81 4770 213 4830 bassim
223 4774 377 4848 redempti.
391 4798 405 4826 «
420 4776 495 4844 Quia
504 4795 570 4835 vero
584 4779 748 4852 specialiter
756 4783 875 4839 creden·
928 4795 1024 4835 corum
1037 4777 1113 4831 matu
1127 4790 1208 4845 opero
1223 4770 1314 4840 (tusc,
1326 4788 1350 4825 e.
1365 4771 1418 4840 19).
1431 4791 1445 4819 «
1457 4768 1540 4825 Unde
1553 4770 1670 4824 constat
1684 4766 1756 4839 quis

12 4934 14 4939 Ι
81 4853 136 4917 llius
147 4862 413 4921 madsalutem
436 4883 516 4923 mers
540 4870 682 4939 profuerit
707 4871 875 4943 salvatoris,
930 4884 983 4941 pro
997 4865 1135 4923 omnibus
1157 4878 1263 4934 passus
1282 4863 1328 4915 est
1342 4858 1488 4925 Christus,
1504 4857 1555 4915 sed
1569 4854 1756 4913 credentibus

12 5014 16 5025 Ι
80 4951 877 5028 incredentibusauteminjudieiumotcondemnetio-
930 4953 1129 5013 datsalutem.

77 5046 125 5092 tm
136 5037 175 5095 alt
184 5045 356 5114 contempte
369 5040 463 5115 lpsius
476 5045 572 5117 gratia
585 5046 741 5118 passionis,
756 5050 785 5105 S.
802 5049 877 5106 llila-
967 5043 1098 5102 Tandem
1112 5038 1239 5113 qualiter
1258 5052 1351 5109 quave
1365 5033 1540 5092 discretione
1553 5028 1704 5090 orthodoxi
1719 5043 1755 5084 ex

76 5118 122 5182 des
131 5126 160 5183 in
175 5129 420 5205 quinquagesimo
430 5132 533 5205 quinto
546 5135 659 5206 psalmo
671 5137 742 5193 dicit
754 5155 779 5193 :a
792 5137 824 5194 ln
834 5139 878 5195 ira
931 5131 1091 5206 Scripturis
1114 5126 1320 5185 intellexerunt
1334 5126 1411 5183 404
1426 5128 1455 5180 et
1473 5124 1597 5178 docuere
1621 5119 1755 5174 doctores

12 5230 34 5261 .·
73 5207 234 5275 mmmm
246 5217 278 5275 hi
292 5220 403 5293 populi,
421 5222 530 5295 quihus
544 5224 581 5280 ad
596 5242 687 5297 poenoe
702 5244 823 5283 sensum
834 5245 877 5285 sa.
931 5222 1071 5295 quoniam
1083 5234 1188 5291 passus
1199 5220 1243 5272 est
1253 5214 1388 5270 Christus
1398 5229 1450 5285 pre
1460 5209 1607 5273 omuibus,
1617 5204 1685 5260 lieet
1695 5218 1752 5302 nen

72 5294 107 5359 las
117 5308 338 5365 assumtionis
347 5315 392 5369 est
401 5310 679 5387 constitutamque
694 5315 738 5371 ira
752 5316 876 5389 eripian-
930 5326 1032 5368 omnes
1047 5309 1082 5364 ad
1095 5312 1233 5363 eternam
1245 5303 1370 5360 salutem
1386 5298 1531 5373 passionis
1541 5296 1605 5366 ejus
1616 5295 1752 5362 mysterio

24 5382 27 5387 ’
70 5387 109 5449 lta
130 5410 184 5452 aas
205 5398 363 5470 Apostolus
391 5399 546 5472 pollicetur
559 5402 669 5474 dicens,
695 5406 829 5473 Quoniam
851 5408 877 5461 si
930 5400 1123 5462 redimantur,
1140 5395 1216 5450 Petri
1240 5393 1330 5449 verba
1353 5389 1573 5446 consideramus
1588 5380 1637 5453 qui
1656 5378 1750 5435 dicit:

67 5492 116 5538 ΕΙ
135 5484 226 5542 tddttc
248 5495 399 5559 peccatores
425 5507 544 5547 cesenas
573 5492 696 5549 Christus
723 5511 773 5566 pre
799 5496 877 5552 notis
930 5491 988 5547 don
1008 5487 1107 5555 tardrrt,
1124 5484 1271 5555 inquiens,
1287 5482 1418 5538 desines
1435 5475 1643 5547 promissionem
1660 5485 1750 5535 suem,

12 5598 28 5667 μ
65 5580 173 5630 mas
192 5579 344 5644 scemate
357 5582 604 5654 magisjustificutt
619 5585 796 5654 insanguine
818 5587 876 5658 ejus
929 5579 976 5637 red
985 5581 1119 5649 ecspccuc
1126 5580 1297 5647 proptervcs,
1306 5569 1400 5625 notens
1409 5565 1529 5635 aliquem
1536 5556 1753 5633 pertemescat-

62 5660 222 5721 'hum
235 5681 285 5739 W
296 5682 360 5722 Μ
372 5668 407 5724 1⁸1²
422 5671 467 5727 tro
479 5670 569 5744 (lion.
584 5691 614 5743 ν,
627 5672 666 5745 9).
679 5671 733 5729 Pro
745 5679 876 5745 peccato·
929 5686 978 5728 nes
992 5666 1029 5723 ad
1044 5663 1232 5738 mercam
1246 5658 1344 5715 raverit
1358 5656 1394 5727 (ll
1406 5655 1480 5711 Petr-
1491 5667 1535 5718 iu,
1544 5648 1584 5719 9).
1595 5648 1630 5705 ct
1644 5644 1761 5704 Paulum
