3810 6098
112 304 156 377 εἳ
468 350 473 360 ,
584 304 779 370 maenam
800 303 1026 402 suanensis
1048 304 1354 369 nacuiuelscerl.
1787 304 1829 368 88

116 445 277 507 catholicos
289 441 452 517 computari
467 443 609 499 doctores.
623 440 941 515 SanctusAugustinus
955 431 1093 511 Aquarii
1110 445 1177 513 post
1192 439 1309 497 beatum
1326 439 1487 510 Gelasium,
1501 443 1530 497 ct
1544 440 1632 497 fidem
1658 439 1832 498 consulatus

116 538 253 613 quaedam
268 535 352 592 aliter
375 537 510 589 sanctum
536 531 677 588 Hilarium
705 531 832 587 sensisse
853 545 941 602 quam
996 527 1166 601 Symmachi
1184 532 1212 584 et
1227 529 1395 601 boetiique
1409 529 1748 602 tempestateWandalis
1761 548 1832 604 pra

79 655 85 665 ·
116 627 197 686 idem
212 624 314 683 sentiri
327 622 406 690 velit,
423 622 452 676 in
468 621 542 677 libro
559 626 639 677 sexto
655 621 690 677 de
701 620 845 675 Trinitate
863 617 942 690 eapi-
996 615 1052 672 luit
1068 616 1232 674 Hilderieus
1244 635 1397 674 successor
1410 618 1617 686 Trasemundi,
1634 619 1685 691 qui
1699 624 1769 692 post
1783 637 1831 675 ne·

113 716 180 775 tulo
195 714 308 771 decimo
323 713 517 777 monstrat,et
527 714 646 766 sanctus
657 710 713 765 Leo
733 709 769 764 ad
785 707 942 764 Chalcedo—
997 720 1060 761 cem
1071 710 1277 762 sanctorumet
1288 705 1564 763 innumerasclades
1575 707 1729 781 indignam
1738 709 1829 765 vitam

117 818 209 863 nense
224 800 378 859 concilium
394 799 639 866 confirmandum,
656 798 788 871 ejusdem
804 796 881 853 beati
898 795 944 851 Hi·
998 792 1190 867 dignamorte
1205 790 1313 861 linivit,=
1325 795 1420 850 isdem
1440 795 1543 851 beatus
1564 795 1689 868 Prosper
1707 796 1828 853 Chroni-

118 892 185 953 larii
200 889 369 948 testimonia
382 887 459 944 inter
468 886 841 943 catholicorumdoctorum
851 900 945 940 exem·
997 898 1062 939 eam
1079 883 1155 939 mira
1167 883 1289 939 veritate
1305 883 1471 955 composuit
1486 901 1493 940 :
1510 884 1540 939 in
1561 901 1621 957 qua
1644 886 1827 962 diversarum

113 981 170 1058 pla
191 980 280 1037 etiam
304 976 400 1051 prima
421 979 624 1042 connumerat,
641 980 669 1031 ct
690 976 794 1031 beatus
810 972 944 1029 Gelasius
996 971 1152 1044 regionum
1166 972 1245 1028 viros
1261 971 1417 1029 sanctitate
1428 976 1456 1027 et
1467 973 1790 1047 sapientiapraeelaros,
1802 980 1830 1032 et

119 1069 283 1139 eum,sieut
295 1071 324 1124 et
339 1070 475 1124 sanctum
484 1065 734 1138 augustinum,ae
744 1063 945 1135 Properum,ct
998 1060 1086 1116 etiam
1100 1065 1215 1117 exortos
1229 1060 1390 1130 hereticos,
1400 1078 1468 1117 oum
1483 1062 1562 1119 lama
1576 1063 1684 1136 cuique
1699 1080 1830 1137 congrua

113 1158 404 1234 Cyprianummtque
419 1154 555 1222 Leonem,
567 1153 626 1208 sive
641 1153 848 1224 Hieronymum
862 1167 943 1207 reee-
999 1149 1217 1222 designante
1245 1167 1303 1206 nen
1327 1149 1462 1206 eumdem
1485 1152 1681 1208 venerabilem
1703 1153 1829 1227 Fulgen-

121 1245 330 1323 ptissimumin
342 1242 473 1316 catalogo
486 1241 661 1314 scriptorum
679 1239 944 1297 ecclesiasticorum
997 1237 1073 1293 tium
1088 1239 1260 1295 neminavit.
1275 1238 1456 1296 Venerabilis
1471 1240 1617 1312 siquidem
1642 1242 1722 1298 Beda
1743 1259 1828 1315 pres-

121 1340 210 1409 atque
219 1333 380 1390 illustrium
396 1334 556 1402 computat.
573 1329 628 1385 Sed
644 1332 673 1384 et
688 1329 723 1384 de
737 1344 770 1383 eo
791 1332 824 1382 ut
843 1329 945 1382 notum
999 1326 1082 1398 byter
1096 1327 1125 1381 in
1136 1327 1279 1384 Chronica
1302 1344 1367 1396 sua,
1383 1345 1450 1384 cum
1476 1328 1576 1401 plures
1599 1328 1673 1387 elios
1697 1331 1828 1391 illustres

121 1428 166 1483 est
180 1442 198 1481 a
212 1421 367 1480 notissimo
382 1419 499 1486 dicitur,
517 1416 644 1473 Hilarius
660 1416 815 1489 opiscopus
839 1417 945 1472 Homa-
998 1415 1077 1472 vires
1089 1416 1285 1490 descripserit,
1297 1433 1372 1490 sepe
1388 1419 1480 1474 latum
1503 1419 1690 1492 Fulgentium
1717 1439 1828 1495 nequa·

122 1526 227 1570 norum
242 1510 354 1576 lucifer,
363 1505 687 1565 Ecclesiarumlucerna
697 1507 725 1560 et
735 1503 862 1577 pretiosa
871 1503 945 1558 lam·
999 1520 1089 1577 quam
1105 1507 1352 1562 commemoravit.
1364 1506 1472 1563 Verum
1486 1523 1539 1563 nec
1554 1525 1570 1563 a
1584 1508 1691 1580 quinta
1705 1512 1829 1583 synodo,

112 1600 316 1677 ··pas,pulohro
327 1613 473 1669 aureoque
487 1610 535 1652 ore
551 1594 681 1667 loquitur
693 1593 857 1650 universa.»
868 1595 947 1659 Quae
998 1609 1064 1666 quae
1080 1594 1262 1667 temporibus
1278 1594 1376 1668 Vigilii
1391 1595 1540 1652 undecimi
1556 1613 1637 1670 papae
1653 1598 1829 1670 post-Gela-

122 1684 191 1748 dam
204 1689 289 1747 aliter
302 1687 616 1759 sonetusAugustinus
631 1683 723 1741 sensit
737 1699 826 1755 quam
842 1683 946 1738 beatus
999 1681 1088 1751 sium,
1102 1683 1157 1740 sub
1168 1682 1336 1740 Justiniauo
1353 1684 1605 1758 Constantinopoli
1621 1689 1724 1743 centra
1739 1687 1833 1745 Theo·

123 1780 317 1852 Hieronymus
328 1794 336 1833 ε
347 1780 376 1832 et
391 1776 460 1830 item
472 1779 593 1831 sanctus
608 1773 801 1846 Hieronymus
812 1772 944 1844 quaedam
962 1804 987 1872 B
1002 1771 1106 1827 dorum
1122 1775 1150 1828 et
1165 1772 1238 1828 alios
1252 1773 1404 1830 haereticos
1418 1778 1463 1829 cst
1484 1779 1650 1849 aggregata,
1668 1776 1703 1832 ad
1726 1777 1834 1832 confir

124 1869 209 1927 aliter
219 1866 312 1922 sensit
322 1879 411 1936 quam
420 1863 524 1918 beatus
533 1862 727 1935 Augustinus,
737 1862 860 1917 etambo
872 1860 948 1915 inter
1003 1861 1142 1917 mandam
1158 1862 1245 1918 fidem
1261 1862 1434 1918 catholicam
1459 1863 1536 1919 inter
1558 1862 1631 1920 alios
1652 1864 1831 1923 orthodoxos

125 1955 285 2019 catholicos
310 1954 444 2008 doctores
468 1955 663 2022 perseverant.
682 1950 819 2016 Quadam
849 1953 948 2005 autem
1004 1949 1137 2006 doctores
1160 1951 1309 2007 invenitur
1332 1950 1508 2024 descriptus.
1525 1950 1600 2017 Quin
1629 1968 1684 2009 neo
1708 1970 1725 2009 a
1750 1959 1834 2011 sexta

124 2042 324 2102 aliterbeatus
338 2038 503 2112 Gregorius,
520 2039 556 2094 de
579 2055 610 2094 se
634 2039 859 2110 precedentium
882 2039 949 2094 doc·
1003 2040 1114 2112 synodo
1126 2040 1292 2109 universali,
1307 2040 1560 2113 Constantinopoli
1585 2040 1733 2099 celebrata
1758 2047 1832 2100 tem-

123 2133 207 2190 trine
222 2129 344 2188 [loribus
359 2146 448 2202 quam
460 2128 586 2184 maxime
598 2127 680 2184 savus
694 2127 820 2199 repletus
839 2133 867 2184 et
883 2126 949 2183 dul·
1003 2129 1125 2200 poribus
1138 2129 1301 2203 Agathonis
1311 2129 1451 2186 tricesimi
1465 2129 1551 2202 primi
1563 2146 1644 2203 papa
1656 2131 1771 2189 abesto
1784 2134 1836 2190 Ge·

124 2221 226 2280 esdlne
241 2220 429 2294 propensiore
444 2219 583 2291 proiusus
607 2218 807 2290 sensit,quam
828 2223 950 2274 sanctus
1003 2214 1087 2286 iasio,
1099 2220 1155 2274 sub
1171 2219 1363 2275 Constantino
1374 2218 1518 2292 principe,
1530 2219 1607 2276 inter
1616 2220 1835 2278 catholicorum

115 2312 367 2384 ·Hieronymus,et
382 2309 516 2381 quedam
532 2307 616 2364 aliter
625 2308 759 2379 exposuit
777 2325 867 2380 quam
882 2324 948 2363 san·
1003 2307 1156 2363 doctorum
1172 2307 1342 2364 testimonia
1356 2323 1478 2364 suorum
1492 2306 1635 2363 librorum
1651 2310 1764 2366 mentio
1780 2311 1836 2366 ha·

123 2396 831 2473 otushugustinusexposueritvelcorrexerit,ct
847 2397 949 2452 amisos
1002 2394 1065 2452 bita
1088 2398 1253 2470 reperitur:
1269 2397 1432 2471 praesertim
1456 2413 1525 2453 eum
1548 2397 1657 2470 plures,
1683 2400 1734 2472 qui
1767 2406 1835 2473 post

115 2495 157 2548 ut
174 2488 350 2546 orthodoxos
364 2485 551 2559 amplectitur
566 2489 593 2541 ct
609 2490 642 2541 ut
665 2486 797 2541 doctores
821 2485 950 2541 Ecclesia
1003 2487 1139 2541 cumdem
1152 2487 1336 2559 Fulgentium
1348 2487 1378 2542 in
1389 2485 1518 2543 Ecclesia
1527 2485 1708 2556 claruerunt,
1719 2490 1756 2545 ad
1768 2506 1837 2546 con-

115 2581 277 2638 ueneratur
289 2591 296 2632 ι
309 2575 449 2648 quoniam
465 2579 498 2630 ut
512 2576 616 2631 beatus
630 2576 813 2647 Augustinus
829 2574 858 2628 in
874 2573 949 2630 libro
1004 2575 1180 2632 firmandam
1195 2577 1283 2633 Hdem
1298 2575 1471 2632 catholicam
1487 2575 1517 2631 in
1528 2575 1735 2634 testimenium
1747 2579 1834 2636 dero·

123 2670 160 2726 'de
174 2666 323 2741 baptismo
339 2664 411 2721 dicit
425 2665 485 2733 (lib.
503 2664 538 2732 H,
554 2681 578 2719 c.
594 2664 621 2736 5)
640 2680 647 2718 :
664 2687 679 2714 «
697 2665 762 2720 ideo
777 2663 950 2737 plerumque
1003 2664 1060 2721 cati
1072 2667 1265 2738 reperiantur.
1282 2666 1364 2722 Unde
1379 2665 1404 2721 si
1428 2664 1513 2722 aliter
1527 2667 1563 2722 de
1576 2667 1836 2738 predestinatione

114 2756 304 2816 ‘doctioribus
319 2753 418 2811 minus
434 2752 543 2826 aliquid
558 2752 711 2822 revelatur,
728 2756 760 2808 ut
775 2768 876 2809 esrum
898 2769 949 2824 pa·
997 2753 1054 2809 *Dei
1067 2753 1241 2827 dixit,quam
1252 2754 1560 2828 sanctusAugustinus
1568 2753 1598 2810 in
1609 2756 1739 2827 praetatis
1750 2756 1835 2814 libris

122 2847 201 2905 tiens
228 2848 258 2901 et
284 2844 407 2900 humilis
434 2843 572 2912 charitas,
589 2843 618 2898 in
644 2860 704 2915 qua
724 2843 837 2898 fruetus
856 2843 951 2914 major
1004 2843 1040 2898 ad
1056 2842 1111 2899 sibi
1129 2845 1243 2916 objecta
1257 2843 1408 2916 rescriptis
1432 2844 1565 2913 correxit,
1582 2847 1611 2900 et
1636 2843 1723 2901 aliter
1745 2847 1834 2903 etiam

113 2941 180 3007 est,
196 2934 412 3007 comprobetur,
428 2932 473 2989 vel
497 2933 644 3005 quomodo
668 2935 786 2989 teneant
807 2931 949 2987 unitatem
1005 2949 1094 3005 quam
1109 2933 1213 2990 beatus
1228 2934 1392 3005 Propterea
1407 2931 1587 3006 delegatione
1602 2934 1682 2989 sedis
1698 2936 1836 3008 apostoli·

124 3040 191 3084 eum
205 3024 235 3080 in
259 3025 347 3080 rebus
370 3022 589 3080 obscurioribus
611 3022 725 3079 diversa
749 3023 889 3092 sentiunt,
906 3020 950 3076 vei
1004 3038 1043 3078 oe
1055 3024 1143 3095 jussu
1159 3021 1254 3078 sancti
1269 3019 1416 3081 Caelestini
1432 3020 1579 3090 dilHnivit,
1589 3022 1733 3094 aliterque
1744 3042 1834 3098 quam

124 3115 272 3189 quemodo
287 3112 433 3185 accipiant
447 3113 597 3168 veritatem
614 3129 681 3167 eum
698 3116 800 3168 contra
823 3111 852 3167 id
872 3110 948 3182 quod
1005 3111 1069 3184 ipsa
1084 3115 1185 3167 sancta
1196 3112 1279 3167 sedes
1295 3109 1455 3182 apostolica
1469 3109 1547 3167 dieta
1561 3111 1692 3184 suscepit
1719 3130 1753 3169 ao
1777 3115 1834 3170 dici

113 3204 291 3262 ¹sentiebant
306 3201 486 3257 declaratum
502 3217 566 3256 esse
581 3204 771 3274 cognoscunt.
790 3222 803 3249 n
816 3177 985 3255 seientesC
1004 3201 1105 3271 voluit,
1122 3201 1184 3272 ipse
1199 3199 1312 3256 viderit.
1338 3200 1393 3255 Sed
1419 3204 1447 3256 et
1470 3215 1524 3255 nos
1538 3199 1610 3272 quid
1631 3199 1701 3256 inde
1716 3202 1833 3276 dixerit,

114 3290 307 3363 Scriptorum
325 3289 453 3344 divinam
473 3304 537 3343 esse
562 3288 720 3359 pretiosum
746 3287 948 3360 margaritam,
1003 3290 1073 3362 quia
1089 3291 1204 3345 cunctis
1222 3287 1389 3362 legentibus
1410 3291 1455 3344 est
1479 3288 1680 3358 manifestum,
1696 3290 1835 3363 ignorare

122 3393 189 3452 quae
204 3375 332 3434 exomni
355 3379 437 3447 parte
461 3375 548 3430 serari
574 3379 724 3447 potestat
748 3376 812 3431 ideo
837 3375 949 3430 divorso
1004 3397 1061 3436 uon
1079 3396 1247 3452 possumus.

123 3466 210 3540 stylo,
227 3466 278 3522 sed
296 3480 354 3520 non
366 3464 480 3520 diversa
503 3464 570 3531 ssdc,
587 3469 737 3536 exponunt
752 3463 836 3537 plura
851 3463 949 3536 plura·
1323 3485 1439 3542 CAPUT
1462 3486 1511 3541 pq·

114 3544 199 3627 liter,
212 3558 245 3611 ut
259 3552 394 3628 pluribus
410 3569 467 3609 non
484 3551 570 3607 modo
584 3551 749 3622 salubriter,
757 3569 859 3609 verum
870 3558 899 3610 et
909 3553 951 3608 in·
1004 3575 1040 3632 pe
1054 3575 1199 3648 apostolica
1211 3574 1273 3631 ,ede
1286 3573 1432 3647 sequenda,
1447 3576 1525 3648 cuju,
1540 3574 1673 3633 domim
1699 3577 1787 3634 ,nnm-
1809 3586 1835 3635 ey

123 3647 277 3703 notescant
292 3639 511 3698 delectabiliter.
520 3641 571 3697 Est
586 3639 673 3696 etiam
691 3641 759 3713 quia
773 3643 803 3697 in
819 3643 949 3716 catalogo
1199 3648 1386 3702 autoritatem
1398 3647 1477 3719 sequi
1490 3645 1628 3702 debemus.

124 3733 289 3808 apostolicae
305 3729 394 3798 sedis,
405 3729 455 3784 ubi
470 3745 487 3785 a
501 3729 585 3785 heato
607 3729 720 3786 Gelasio
746 3731 878 3788 doctores
903 3750 949 3788 ca·
1040 3735 1197 3808 Sequimur
1212 3741 1310 3791 autem
1325 3752 1389 3807 que
1405 3734 1549 3791 catholica
1561 3740 1590 3791 et
1600 3736 1764 3809 apostoliea
1778 3755 1832 3795 nos

114 3822 224 3881 .tbolici
241 3818 379 3892 descripti
394 3823 422 3874 et
436 3818 581 3892 designati
597 3823 676 3888 sunt,
693 3823 828 3878 eumdem
854 3822 949 3878 virum
1004 3827 1088 3881 docet
1102 3829 1204 3881 sancta
1219 3824 1352 3880 Romana
1365 3823 1503 3893 Ecclesia,
1511 3841 1575 3897 que
1590 3842 1644 3881 nos
1659 3823 1690 3880 in
1706 3825 1765 3882 fide
1780 3843 1832 3900 ge-

119 3907 319 3968 nenerabilem
326 3906 511 3979 Fulgentium
521 3907 701 3979 probabilem
712 3913 949 3984 nonreporimus.
1004 3913 1078 3984 nuit,
1090 3912 1232 3970 catholico
1245 3913 1321 3968 lactc
1337 3912 1419 3980 aluit,
1436 3912 1577 3969 uberibus
1593 3912 1666 3970 coele
1681 3913 1779 3986 plenis
1795 3916 1831 3972 ad

114 3999 181 4057 'Sed
197 4013 250 4053 nee
265 3997 405 4069 quoniam
424 3995 455 4052 in
480 3998 728 4069 reprobandorum
755 4000 950 4073 descriptione
1004 4002 1130 4059 solidum
1142 4003 1240 4059 cibum
1252 4001 1759 4074 nutrivit,disciplinaorthodexaad
1771 4021 1834 4078 per-

124 4087 310 4160 designatum
319 4085 725 4159 invenimus,improbabilem
737 4090 897 4160 peremnia
903 4092 950 4162 ju·
1003 4091 1111 4148 lectum
1121 4092 1216 4147 virum
1228 4092 1371 4164 perduxit,
1379 4095 1407 4147 et
1422 4092 1458 4146 ad
1473 4091 1546 4148 alios
1556 4091 1764 4148 instruendum
1779 4112 1834 4150 sua

123 4175 441 4248 dicamuslmperante
451 4174 596 4247 siquidem
608 4177 863 4250 Anastasio,cujus
875 4184 949 4235 tem·
1004 4181 1174 4254 probatione
1189 4179 1329 4249 instituit,
1346 4184 1433 4252 atque
1457 4179 1487 4235 in
1512 4179 1666 4237 doctrinali
1690 4181 1832 4239 cathedra

121 4280 192 4345 pore
206 4265 311 4322 beatus
327 4264 461 4321 Gelasius
476 4265 582 4321 seriem
607 4265 834 4322 orthodoxorum
861 4273 950 4340 atque
1004 4272 1115 4327 fautore
1124 4273 1152 4325 et
1160 4271 1316 4341 adjuvante
1329 4268 1451 4325 Domino
1463 4269 1650 4326 sublimando
1661 4270 1831 4328 coustituit:

121 4352 282 4411 illustrium
297 4354 426 4410 virorum
441 4353 542 4420 edidit,
558 4354 634 4409 siout
649 4354 742 4427 ipsius
757 4356 889 4428 epistolis
912 4359 949 4413 ad
1003 4360 1078 4417 sicut
1094 4363 1214 4415 sanctus
1226 4358 1413 4414 innocentius
1424 4358 1459 4414 ad
1472 4358 1641 4414 Decentium
1659 4358 1831 4432 episcopum

121 4442 259 4502 eumdem
282 4443 401 4500 directis
425 4443 639 4510 manifestatur,
656 4443 839 4516 principatus
854 4450 899 4501 est
920 4446 948 4501 in
1003 4449 1191 4522 Eugubinum
1205 4445 1832 4520 scribitdieens(cpiat.29,inprinc.):«0uis

120 4531 435 4590 AiricaWandaiorum
447 4534 818 4598 rex'l'rasemundussieut
828 4534 950 4590 inChro-
965 4543 988 4612 1)
1003 4539 1081 4597 enim
1098 4537 1219 4603 neseiat,
1238 4540 1288 4591 aut
1303 4552 1361 4591 non
1376 4537 1508 4592 advertat
1522 4535 1551 4591 id
1568 4536 1645 4609 quod
1662 4553 1679 4591 a
1697 4536 1832 4610 principe

112 4619 197 4678 micis
212 4618 290 4688 aliis,
306 4623 335 4674 et
349 4620 437 4675 etiam
453 4620 482 4674 in
499 4621 641 4678 Chronica
665 4622 840 4680 venerabilis
864 4624 947 4680 oeae
1002 4626 1201 4701 apostolorum
1217 4626 1300 4681 Petro
1318 4625 1368 4682 25
1385 4625 1522 4681 Homanae
1536 4624 1672 4682 Ecclesia
1687 4627 1832 4683 traditum

12 4703 16 4710 ⁴
108 4706 284 4787 ‘presbyteri
296 4707 469 4780 reperimus.
485 4709 575 4782 Cujus
590 4716 721 4783 tempore
734 4712 905 4786 Fulgentius
917 4714 945 4768 in
1001 4721 1056 4785 est,
1073 4732 1106 4771 ac
1121 4731 1308 4786 nuncusque
1323 4713 1499 4786 custoditur,
1515 4714 1551 4770 ab
1566 4713 1705 4770 omnibus
1724 4716 1831 4773 debere

122 4799 219 4856 Africa
229 4796 351 4854 claruit:
365 4796 494 4869 quinque
508 4803 608 4853 contra
619 4803 761 4871 quasdam
777 4802 947 4874 propositio·
1001 4805 1119 4872 servari,
1137 4821 1189 4859 nee
1205 4802 1361 4876 superduci
1377 4805 1427 4858 aut
1442 4802 1588 4859 introduci
1610 4802 1732 4874 aliquid,
1750 4805 1831 4876 quod

108 4890 176 4945 ·'nes
191 4885 321 4959 ejusdem
335 4886 529 4941 Trasamundi
545 4887 704 4960 rescripsit,
712 4895 741 4945 ct
757 4896 859 4945 contra
883 4893 946 4961 ejus
1002 4893 1271 4951 detauctoritatem
1288 4909 1345 4947 nen
1360 4891 1480 4959 habent,
1498 4897 1549 4948 aut
1564 4891 1682 4949 aliunde
1698 4892 1832 4964 accipere

122 4975 275 5052 perfidiam
291 4978 350 5029 tres
364 4974 455 5030 libros
471 4977 656 5048 composuit:
674 4978 802 5050 primum
814 4978 948 5035 videlicet
1000 4983 1135 5039 videatur
1149 4980 1315 5054 exemplum
1331 4998 1338 5036 ε
1356 4981 1518 5053 praesertim
1540 4997 1608 5037 cum
1624 4980 1664 5037 sit
1687 4981 1832 5038 manifes-

123 5066 158 5123 ᾶθ
173 5063 312 5140 ῐῦγθῒθΐῑθ
328 5062 506 5132 Μθᾶῑᾶῒθΐῑθ,
525 5065 686 5120 secundum
702 5066 738 5121 de
753 5067 804 5122 24
819 5066 946 5122 immen-
1000 5077 1076 5141 tum,
1092 5072 1122 5127 in
1146 5086 1263 5127 emnem
1289 5069 1414 5137 ltaliam,
1433 5069 1551 5138 Gallias,
1569 5069 1737 5142 Hispanias,
1752 5071 1831 5125 Airi-

121 5155 207 5213 sitate
221 5151 382 5211 divinitatis
399 5150 463 5207 Filii
479 5152 540 5222 Dei,
556 5153 674 5209 tertium
701 5155 736 5209 de
761 5160 944 5213 sacramento
998 5178 1074 5227 cam,
1091 5164 1178 5232 atque
1194 5158 1336 5228 Siciliam,
1352 5157 1525 5231 insulasque
1535 5146 1829 5231 interjacenles‚nul-

121 5243 279 5300 Dominice
294 5239 450 5315 passionis.
465 5241 527 5295 Non
544 5246 642 5298 tamen
658 5242 741 5299 illum
758 5250 878 5300 sanetus
890 5247 944 5303 Ge·
998 5249 1061 5305 lum
1076 5248 1241 5303 instituisse
1251 5247 1406 5316 Ecclesiae,
1414 5247 1471 5303 nisi
1489 5263 1633 5320 eosquos
1649 5247 1829 5304 venerabilis

118 5328 212 5388 lasius
236 5332 314 5388 inter
337 5330 495 5403 scriptores
524 5329 737 5388 ecclesiasticos
767 5334 943 5404 numeravit,
999 5336 1150 5411 apestolus
1162 5337 1264 5392 Petrus
1279 5336 1403 5406 antejus
1419 5353 1602 5392 sirccessorcs
1618 5335 1830 5393 constituerint

119 5418 197 5474 sicut
211 5420 329 5476 beatum
341 5420 525 5491 Prospcrum,
534 5420 584 5490 qui
600 5421 780 5491 temporibus
800 5423 874 5478 beati
891 5425 944 5480 Ge·
999 5427 1179 5495 sacerdotes;
1196 5430 1246 5481 aut
1256 5424 1355 5498 legant
1365 5425 1389 5481 si
1401 5424 1430 5481 in
1442 5425 1488 5481 his
1499 5424 1656 5498 provinciis
1667 5425 1743 5480 alius
1755 5442 1830 5499 ape·

119 5504 186 5563 iasii
211 5524 291 5579 papae
316 5508 485 5582 supervixit.
503 5508 558 5564 Sed
583 5512 612 5564 et
636 5509 671 5564 ab
693 5511 784 5565 hdam
800 5529 892 5584 usque
909 5515 944 5569 ad
1000 5514 1141 5572 stolorum
1157 5513 1304 5570 invenitur
1318 5518 1369 5569 aut
1383 5513 1492 5588 legitur
1506 5513 1650 5570 docuisse.
1663 5513 1717 5580 Qui
1728 5514 1753 5569 si
1770 5532 1830 5571 non

121 5593 231 5651 tustini
245 5596 368 5667 Augusti
384 5601 517 5671 tempora
535 5601 563 5654 et
586 5597 699 5654 obitum
715 5598 837 5656 loannis
852 5618 943 5674 pape,
1000 5602 1111 5675 legunt,
1127 5602 1197 5676 quia
1212 5618 1360 5675 nusquam
1382 5602 1544 5674 inveniunt,
1561 5606 1674 5674 oportet
1699 5618 1749 5659 eos
1773 5602 1829 5659 hec
