3810 6098
92 284 151 348 081
350 286 567 359 ¹lllNCllrllll
591 289 815 352 ll'llllilFlNSlS
839 290 1135 354 Ancutuelsceel
1157 286 1417 362 execratum,
1431 292 1519 355 E'l'C.
1740 294 1790 363 832

93 436 150 477 me
164 418 253 477 simul
275 425 307 478 el
330 421 471 494 corporis,
482 439 584 479 verum
599 426 628 479 et
642 424 677 479 dc
692 423 802 480 visione
816 423 920 480 divinae
935 429 962 498 Α
977 424 1143 498 plangenda
1157 443 1215 482 non
1231 429 1407 498 perpetrare.
1423 426 1497 483 Nam
1512 427 1564 499 qui
1579 426 1623 484 sic
1637 424 1696 483 alin
1710 427 1790 502 deplu

94 510 239 583 meientis,
251 528 319 568 cum
340 511 433 584 gloria
453 513 623 570 mediatoris
643 513 694 569 Dei
716 517 744 570 et
767 513 920 570 hominum
977 517 1031 578 rat,
1049 518 1082 569 ut
1101 519 1198 570 tomen
1216 513 1273 570 alio
1292 516 1466 583 committat,
1482 515 1581 572 adbuc
1601 516 1788 587 poenitentiam

95 591 261 656 clarificatas
274 600 478 670 humanitatis,
488 603 551 657 siue
560 603 620 658 fine
635 603 741 658 reversi
753 605 787 658 od
804 604 832 658 id
844 602 921 673 quod
978 619 1063 676 agere
1073 606 1124 658 aut
1134 603 1248 676 ignorat
1258 608 1308 660 aut
1322 604 1500 661 dissimulat.
1509 604 1584 671 Quid
1595 604 1676 661 enim
1685 607 1788 678 produt

96 688 205 746 condi-ti
221 690 348 758 lucrant,
361 693 394 746 ut
408 707 508 746 revera
520 690 550 746 in
560 708 627 748 vero
638 692 761 748 Jubaeilo
773 692 922 764 quinqua·
977 691 1002 746 si
1018 694 1137 764 peccata
1148 692 1215 764 quis
1230 691 1350 748 luxuriae
1362 693 1509 760 deflectet
1519 698 1580 750 tom
1591 693 1727 751 cnadbuc
1736 713 1784 755 ava·

94 778 208 853 gesimo
220 778 355 836 videlieet
369 797 446 836 anno
458 781 638 854 gaudebunt.
650 781 731 837 Unde
742 781 812 853 quia
822 783 924 836 sancta
978 780 1049 837 ritis
1059 781 1179 838 metibus
1190 781 1323 837 anhelet?
1333 782 1469 854 Autquid
1480 783 1600 854 prodest
1608 781 1633 838 si
1644 782 1694 837 irae
1704 783 1785 858 culpor

95 866 226 925 Ecclesia
244 867 272 923 in
299 868 477 941 quibusdam
499 867 562 926 suis
586 870 727 926 membris
751 869 847 925 adbuc
872 886 923 942 pro
974 871 1038 942 jam
1054 869 1161 942 lugeat,
1177 874 1318 926 ettamen
1343 871 1439 927 adhuc
1453 870 1570 926 invidio
1595 870 1710 928 facibus
1728 876 1787 932 tabe·

93 960 205 1014 eterna
220 957 320 1030 requie
337 957 450 1014 laboral
464 957 493 1014 in
507 959 604 1027 terris,
618 959 647 1014 in
663 959 842 1031 quibusdam
857 975 924 1014 vero
979 959 1065 1015 scat?
1080 959 1203 1015 Necesse
1219 963 1263 1015 cst
1276 958 1375 1027 ctiam,
1392 963 1426 1014 ut
1441 958 1491 1032 qui
1508 976 1540 1015 se
1555 957 1660 1015 illicita
1674 961 1787 1021 meminit

97 1047 177 1102 omni
190 1046 273 1102 linito
284 1046 383 1103 labore
393 1064 460 1104 cum
472 1047 587 1104 Christo
599 1049 663 1119 jam
679 1052 781 1120 regnat
791 1046 820 1103 in
832 1046 924 1118 coelis,
979 1047 1173 1116 commisisse,
1182 1047 1383 1120 aquibusdam
1394 1047 1482 1104 ctiam
1492 1047 1583 1104 licitis
1592 1049 1786 1108 studestabsti·

95 1134 127 1191 in
143 1135 315 1192 memoriam
331 1137 485 1210 utriusque
500 1137 564 1194 vilre
586 1142 683 1210 patres
709 1135 800 1193 nostri
816 1135 924 1192 consti·
980 1153 1048 1192 nero
1060 1152 1067 1190 :
1079 1141 1224 1208 quatenus
1240 1154 1290 1210 per
1305 1137 1360 1193 hoc
1373 1137 1517 1193 conditori
1527 1154 1581 1193 suo
1593 1136 1755 1207 satisfaciat,
1763 1146 1787 1199 ut

96 1226 219 1280 tuerunt
237 1225 356 1298 gemina
379 1226 440 1282 bac
463 1242 594 1299 congrua
617 1226 749 1300 religioni
771 1223 924 1291 solemnia,
981 1225 1787 1300 quicommisitprohibita,sibimetipsiabsoideredcbeel

94 1313 356 1387 quadragesimam
370 1314 505 1372 videlicet
528 1316 701 1373 imminente
727 1316 838 1372 Pascha
852 1313 925 1370 afni-
981 1315 1524 1388 etiamconcessa,clsereprehendant
1535 1315 1785 1388 inminimis,queu

94 1401 250 1473 ottoniaet
260 1403 296 1460 ab
307 1403 372 1476 ipso
382 1404 540 1461 Dominicis
551 1405 777 1461 resurrectionis
788 1403 928 1475 diequin·
982 1403 1117 1459 meminit
1132 1402 1292 1476 deliquisse
1312 1404 1342 1459 in
1365 1405 1523 1460 maximis:
1540 1404 1786 1477 etsicrerepeui·

93 1491 311 1565 quagesimam,
330 1493 361 1549 in
384 1510 445 1566 qua
465 1494 604 1551 continue
629 1494 767 1568 psallitur
790 1493 925 1567 Alleluia,
982 1491 1103 1547 tentiam
1124 1492 1285 1564 agimussi
1305 1511 1338 1549 ca
1362 1510 1425 1565 qum
1450 1493 1657 1550 commisimus
1684 1495 1784 1567 perlecta

95 1570 366 1655 quod-evangelista
375 1583 504 1640 Joonnes
516 1584 552 1641 ab
565 1583 678 1656 angelis
690 1601 721 1640 se
731 1583 851 1641 audisse
861 1600 927 1641 cna·
983 1579 1187 1652 deploremus:
1202 1587 1230 1637 ot
1244 1581 1310 1639 illos
1325 1581 1465 1638 nimirum
1476 1581 1662 1639 emendatior
1675 1583 1784 1642 riaao

94 1669 154 1725 turi
166 1669 301 1744 perhibet
311 1672 400 1746 (Apoc.
410 1675 479 1742 xxx),
491 1677 519 1730 et
527 1673 703 1731 venerabilis
714 1678 797 1748 pater
808 1674 927 1743 Tobios,
983 1668 1084 1740 tifioat,
1097 1687 1171 1742 quos
1186 1687 1237 1743 pcr
1258 1671 1460 1743 paenitentiam
1476 1671 1600 1728 abluens
1624 1671 1737 1729 oltlictio
1748 1673 1782 1730 lle

95 1775 133 1816 sx
146 1759 259 1816 visione
274 1760 407 1836 angelico
427 1761 597 1836 intelligens
615 1762 710 1835 qualit
727 1763 766 1820 sit
784 1780 941 1837 superno<
982 1762 1067 1815 tuum
1077 1760 1781 1834 mundat.lltquiadequadringentorumrersuun

90 1864 164 1904 sum
180 1847 289 1905 civium
303 1848 396 1922 gloria
418 1855 447 1908 et
467 1867 602 1925 superus
616 1852 781 1909 Jerusalem
797 1851 925 1922 claritas,
982 1865 1103 1906 numero
1118 1848 1256 1918 diximus,
1269 1854 1362 1906 restet
1376 1854 1409 1906 ut
1424 1849 1567 1906 rationem
1584 1850 1621 1906 dc
1636 1867 1781 1909 commemo

93 1936 256 1996 dixit:Per
279 1941 351 1997 vicos
374 1939 433 2012 ejas
459 1940 582 1998 Alleluia
603 1942 758 1999 conmittes
773 1942 847 2015 (Tot.
863 1959 926 2010 xnr,
981 1938 1779 2013 ratoquadragintasexversuumnumeracompleamua.

94 2025 155 2097 nt),
166 2027 302 2100 quamvis
320 2028 351 2086 in
375 2028 504 2088 lleolesia
519 2048 671 2104 uunquam
687 2048 704 2087 a
719 2031 817 2088 divina
841 2031 927 2089 leudo
981 2027 1033 2085 Hic
1048 2028 1157 2085 etenim
1171 2045 1317 2085 annorum
1332 2045 1473 2085 numerus
1488 2029 1696 2102 perlectionem
1711 2028 1780 2085 lloni·

95 2119 239 2173 cessetur.
255 2117 290 2174 llt
312 2117 453 2191 quoniam
475 2120 566 2192 hujus
587 2120 838 2194 quinquagesimos
853 2119 927 2176 cele·
982 2117 1038 2174 uici
1052 2117 1439 2191 corporis,cujussunguine
1450 2117 1595 2191 redempti
1603 2118 1779 2188 sumus,cujus

92 2202 233 2262 batione
247 2205 384 2264 fidelibus
399 2208 538 2280 perfectio
553 2208 664 2281 quietis
680 2208 822 2279 innuitur,
834 2213 863 2265 et
877 2208 926 2265 do·
982 2223 1069 2263 carne
1078 2206 1239 2279 pascimur,
1250 2211 1278 2262 ct
1289 2223 1391 2265 cruore
1402 2211 1551 2280 potamur,
1563 2209 1649 2280 cujus
1665 2207 1778 2280 passionis

93 2292 182 2350 mario
192 2311 314 2352 numero
324 2312 443 2354 summa
454 2297 640 2370 perfectionis
651 2298 835 2371 exprimitur,
844 2295 928 2370 quin·
982 2297 1177 2352 sacrosanctis
1193 2297 1351 2369 mysteriis,
1362 2300 1391 2352 et
1405 2297 1434 2352 iu
1449 2295 1550 2353 anima
1563 2301 1593 2352 ct
1608 2295 1637 2352 in
1653 2313 1779 2369 corporea

92 2383 280 2456 -qungsnnrio
290 2385 386 2442 docies
396 2386 483 2444 duoto
499 2387 535 2444 ad
545 2387 815 2461 quingentesimum
830 2401 928 2460 perro·
981 2385 1109 2457 pccoutis
1123 2385 1211 2441 ctiam
1226 2390 1255 2441 et
1270 2386 1305 2442 ab
1330 2385 1402 2458 ipsis
1427 2385 1676 2458 corruptionibus,
1692 2403 1743 2458 qua
1754 2385 1778 2442 ob

95 2469 194 2541 reiltun,
206 2476 305 2546 aperto
319 2479 501 2532 monstratur
515 2475 584 2548 qnia
598 2469 785 2549 nequaquam
799 2476 861 2533 solo
873 2491 927 2532 nos
981 2478 1101 2544 peccato
1110 2473 1777 2547 contigerunt,salvubimur,aptissimocongruit.

93 2559 386 2620 rabelinentincarnis
400 2564 431 2620 iu
442 2563 506 2622 cibo
521 2570 549 2622 et
564 2570 634 2639 potu
648 2567 683 2622 ad
699 2570 806 2622 eterna
819 2565 928 2640 gaudia
980 2563 1113 2619 Tradunt
1121 2562 1199 2617 enim
1207 2561 1387 2619 naturalium
1399 2579 1497 2620 rerum
1505 2562 1776 2636 scriptores,lorman

95 2651 294 2723 separat-nisi
306 2652 454 2725 adjunctis
463 2653 548 2711 bonis
558 2653 624 2712 aliis
635 2655 754 2728 dignam
765 2656 823 2713 Deo
835 2654 927 2711 absti-
980 2649 1109 2723 corporis
1123 2649 1245 2709 humani
1261 2655 1304 2707 tot
1314 2651 1428 2708 dierum
1443 2651 1540 2723 spatio
1557 2652 1656 2725 perflui
1669 2669 1676 2707 ε
1688 2649 1776 2724 quieri-

94 2737 231 2795 ·nsntinm
247 2757 315 2796 cum
329 2742 386 2798 llde
407 2746 486 2801 reolo
510 2744 624 2800 devotio
650 2744 757 2800 mentis
781 2744 924 2801 ostendat.
980 2739 1084 2796 delicet
1093 2739 1254 2812 primissex
1264 2758 1281 2796 a
1292 2739 1481 2813 conceptione
1490 2740 1597 2797 diebus
1606 2739 1689 2798 lactis
1701 2740 1777 2797 babent

97 2825 176 2886 illud
191 2828 300 2902 quippe
318 2830 467 2904 ieiunium
484 2833 563 2890 Deus
586 2834 738 2906 approbat,
756 2836 832 2890 770
847 2834 925 2907 quod
973 2827 1215 2899 similitudinem,
1233 2829 1425 2901 sequentibus
1449 2845 1552 2885 novem
1572 2827 1776 2889 convertaturin

92 2916 439 2989 ‘adejusooalosmnnus
451 2918 801 2995 elcemosynarumlevat,
813 2922 926 2979 dicente
968 2917 1164 2990 sauguinem,
1177 2917 1282 2974 deinde
1303 2920 1376 2975 m
1395 2918 1550 2974 duodecim
1577 2918 1723 2988 solidetur,
1732 2914 1776 2973 reli·

49 3079 52 3086 Α
93 3006 252 3079 propheta,
276 3006 448 3081 Sanctificate
468 3011 609 3083 jejunium
624 3012 691 3081 (loct
713 3029 720 3067 r
741 3016 770 3068 et
786 3014 828 3080 ιι).
845 3010 924 3084 JeJ‘u-
979 3006 1046 3079 quis
1058 3007 1271 3063 decsmetocto
1283 3007 1569 3080 firmaturusquead
1586 3003 1777 3080 perlectalinin·

94 3093 184 3151 -uium
199 3099 530 3169 namqusseuctillcare,
542 3104 587 3157 ost
599 3099 746 3172 adjunctis
761 3099 846 3156 bonls
859 3100 925 3156 aliis
980 3099 1078 3152 monta
1091 3096 1224 3151 omnium
1240 3096 1458 3153 membrorum·
1468 3095 1504 3152 ut
1517 3094 1588 3153 bino
1608 3097 1672 3168 jam
1694 3093 1776 3167 reliquo

93 3182 222 3257 dignam
237 3184 296 3241 Deo
307 3185 566 3255 nbsllnentiam,ut
574 3187 713 3255 diximus,
725 3189 821 3245 carnis
832 3193 925 3245 osteo-
940 3172 962 3239 C
978 3188 1107 3258 tempore
1119 3185 1259 3256 usquead
1271 3189 1390 3257 tempus
1404 3189 1508 3257 partus
1519 3182 1719 3258 maguitudino
1730 3196 1777 3255 ang

94 3271 190 3328 dare:
207 3272 277 3345 quia
295 3273 325 3329 in
341 3288 460 3332 mesum
484 3292 551 3333 caro
575 3277 719 3343 atteritur,
736 3277 761 3333 si
787 3295 804 3333 a
828 3277 924 3349 pravis
979 3277 1136 3330 mentatur.
1149 3275 1204 3330 Sex
1217 3278 1317 3330 autem
1335 3278 1365 3329 et
1380 3290 1483 3330 novem
1499 3278 1529 3330 et
1543 3273 1697 3331 duodecim
1709 3271 1776 3330 etde
1798 3292 1804 3307 ·

94 3359 299 3431 uoluptatibus
311 3361 429 3420 animus
439 3381 495 3420 uon
514 3365 685 3432 refrenatur,
698 3369 726 3421 et
738 3365 923 3437 llsrlernplori
979 3379 1041 3419 cem
1058 3367 1086 3418 ct
1100 3367 1164 3418 octo
1179 3361 1375 3436 quadraginta
1391 3363 1524 3435 quinque
1545 3362 1658 3419 iaciunt
1674 3380 1682 3419 ι
1696 3360 1778 3434 quibu

93 3451 204 3504 nostro
216 3465 308 3505 uuum
317 3450 382 3508 sine
391 3451 481 3508 altero
494 3453 606 3525 placere
616 3470 802 3526 nequaqnam
819 3458 924 3525 potest,
980 3451 1003 3506 si
1015 3468 1107 3507 unum
1120 3450 1323 3523 adjecerimus,
1337 3451 1365 3506 id
1378 3456 1423 3507 est
1434 3452 1531 3524 ipsum
1544 3451 1623 3508 diem
1635 3468 1690 3524 quo
1699 3450 1778 3508 diserc-

92 3533 187 3592 -siaut
199 3535 285 3610 isqui
297 3538 444 3615 bennagit
453 3540 549 3599 adbuc
561 3540 682 3596 luxuria
693 3541 926 3614 iniquinamenta
980 3544 1042 3595 turn
1055 3557 1106 3613 per
1116 3542 1250 3596 membra
1260 3545 1558 3613 corpusorementum
1567 3536 1777 3610 sumere-incipit

96 3640 160 3681 -uon
175 3626 295 3697 deserit,
306 3632 357 3684 aut
372 3629 397 3685 is
413 3629 463 3701 qui
477 3630 611 3687 castitate
626 3631 789 3704 pereminet,
800 3632 924 3689 necdum
980 3632 1024 3685 tot
1039 3628 1177 3685 nimirum
1193 3630 1257 3686 dies
1277 3630 1307 3685 iu
1328 3629 1520 3687 edificatione
1534 3629 1666 3703 corporis
1680 3623 1778 3689 Domui,

102 3729 134 3770 se
148 3731 200 3787 por
214 3714 292 3773 bona
304 3732 393 3789 opera
415 3722 528 3774 exercet
540 3735 546 3773 :
558 3722 586 3775 et
600 3720 647 3792 qai
664 3719 741 3775 bono
760 3720 860 3793 aliquo
874 3738 926 3793 pro
981 3721 1053 3790 quot
1067 3717 1097 3774 in
1113 3718 1223 3775 lubrice
1246 3717 1348 3790 templi
1374 3734 1467 3773 annos
1491 3717 1670 3775 invenimus.
1686 3717 1722 3774 lle
1739 3728 1778 3788 qut

102 3803 370 3861 muudihoncstate
380 3803 507 3872 inchoat,
520 3823 708 3880 nequaquam
719 3809 747 3863 in
759 3810 823 3881 cJ'us
835 3810 927 3865 inten-
981 3805 1089 3878 templo
1105 3806 1213 3862 dicenti
1226 3823 1232 3861 :
1244 3807 1344 3864 Solvite
1359 3808 1490 3879 ternplum
1504 3807 1554 3864 lroc
1567 3816 1593 3865 ot
1608 3810 1640 3864 in
1654 3808 1731 3869 tritor
1739 3803 1778 3861 dit·

92 3889 180 3947 dione
191 3891 277 3948 debet
291 3909 472 3964 permanere,
484 3912 536 3950 nec
552 3912 604 3967 per
617 3897 693 3952 bono
703 3915 790 3970 opere
805 3915 927 3970 proesen-
982 3896 1029 3949 lus
1048 3897 1164 3951 recitato
1181 3895 1260 3961 illud,
1273 3895 1469 3967 responderant
1481 3895 1600 3954 leaei:
1615 3894 1779 3969 Quadratae

92 3977 141 4035 tis
166 3981 268 4035 mundi
297 3980 421 4054 gloriam
441 4000 580 4055 quaerere,
597 3987 647 4042 scd
673 3990 763 4043 totam
790 4007 872 4061 spem
896 3991 926 4046 in
980 3983 1539 4056 cleosorrirismdificoturaesttcmplcm
1560 3981 1777 4053 honestastis

103 4065 307 4141 Redemptoris
322 4069 368 4126 sui
384 4070 509 4128 adventu
526 4073 697 4131 constituat.
709 4077 784 4133 Sunt
799 4095 927 4151 nanrque
980 4073 1075 4129 dictos
1094 4073 1226 4128 accitolis
1250 4072 1344 4128 illud?
1358 4073 1448 4141 (loon.
1465 4090 1496 4142 n,
1513 4073 1568 4144 19).
1579 4075 1616 4131 Et
1638 4073 1704 4146 quia
1723 4075 1777 4128 leu-

92 4155 236 4229 rp'lcriquo
249 4158 444 4229 continentes,
454 4160 504 4233 qui
520 4179 627 4236 corpus
639 4181 698 4236 per
717 4165 926 4223 abstinentiam
981 4161 1063 4235 plurn
1076 4160 1148 4216 illud
1163 4178 1251 4217 manu
1268 4162 1379 4218 factum
1390 4167 1610 4219 sacrosanctam
1620 4158 1777 4225 Domitiani

93 4245 248 4321 ‚affligunt
262 4248 364 4305 sedda
379 4247 444 4322 ipsa
458 4267 513 4307 sua
531 4252 709 4309 abstinentia
723 4254 869 4312 humanos
885 4256 926 4313 fa·
982 4267 1059 4316 ncm,
1070 4267 1160 4323 quam
1176 4266 1210 4306 ox
1224 4249 1343 4323 Virgine
1358 4250 1497 4325 sumpsit,
1512 4255 1546 4308 ut
1560 4268 1595 4308 ex
1615 4251 1736 4309 boclcco
1746 4243 1776 4303 di·

92 4351 186 4392 roras
201 4340 349 4409 expetunt,
370 4338 508 4395 doctrinae
533 4338 707 4410 inserviunt,
727 4341 927 4416 indigentibus
981 4339 1102 4408 seimus,
1114 4339 1270 4413 figurabat,
1282 4339 1352 4412 quia
1367 4356 1448 4413 equa
1461 4357 1568 4414 corpus
1583 4341 1657 4414 ejus,
1669 4335 1775 4414 quodet

91 4425 197 4480 -rnulta
211 4424 387 4499 largiuntur.
398 4428 453 4485 Sed
471 4428 557 4484 latus
572 4431 699 4501 prolecto
711 4431 925 4506 suntvirgines
980 4428 1118 4499 Ecclesia,
1135 4428 1206 4501 quia
1220 4429 1454 4503 uniuscujusque
1475 4428 1607 4487 fidelium
1623 4446 1720 4503 corpus
1731 4422 1774 4483 ⁸1¹5·

93 4512 172 4584 cquis
186 4513 279 4570 solam
299 4514 396 4573 laudis
416 4516 589 4574 transitoriae
610 4519 830 4576 retributionem
847 4540 924 4594 quar·
940 4539 963 4605 Ι)
981 4535 1118 4590 mamque
1133 4517 1317 4592 designabat,
1329 4520 1508 4577 mundemus
1518 4519 1650 4591 quotidie
1661 4526 1774 4594 peronne

95 4601 273 4673 suntquis,
285 4603 399 4661 dicente
412 4605 546 4676 Domino,
557 4607 690 4664 laborum
707 4626 829 4666 suorum
845 4613 925 4668 dam-
978 4611 1095 4680 tompus
1109 4607 1174 4664 vitan
1196 4611 1302 4665 nostra
1318 4608 1427 4680 templo
1443 4626 1600 4681 corporum
1615 4607 1773 4675 miniumque

92 4687 232 4745 ..nabilem
260 4695 423 4750 mercedem
453 4696 787 4771 recipiuntlldoltlr.v1).
812 4702 868 4757 Sed
897 4706 926 4757 et
980 4701 1157 4764 nostrorum,
1180 4701 1213 4753 ut
1236 4697 1359 4770 spiritus
1383 4697 1432 4754 Ilei
1459 4698 1592 4754 babitare
1617 4678 1771 4772 digneturln

93 4777 281 4835 bona-etiam
293 4798 360 4837 cum
376 4782 502 4856 simplici
516 4785 677 4843 intentione
693 4789 768 4844 locta
784 4793 852 4845 tunc
868 4791 925 4847 Deo
980 4786 1075 4854 notris,
1091 4791 1119 4842 ct
1130 4787 1215 4859 juxto
1238 4789 1315 4859 quod
1336 4787 1493 4859 Apostolus
1513 4789 1651 4844 admonet
1667 4773 1772 4856 z'ltjrtlt'l

92 4869 175 4922 ³¹¹¹st
189 4865 307 4940 P¹⁰⁰ll82
319 4870 344 4926 si
359 4871 467 4928 suerint
477 4873 540 4929 sino
555 4877 636 4948 pravi
645 4877 741 4950 operis
751 4878 927 4936 admistione
980 4877 1106 4948 operibus
1119 4877 1302 4942 tenebrosam,
1319 4877 1466 4933 induamus
1484 4893 1533 4933 sos
1556 4894 1635 4933 ormo
1657 4866 1772 4933 locossi-

103 4955 212 5026 oblnto,
229 4957 306 5014 sicut
328 4958 470 5032 scriptum
493 4966 538 5018 est
554 4981 561 5019 ε
577 4966 692 5021 Declioc
707 4985 724 5021 o
737 4968 810 5022 niolo
832 4976 859 5024 et
880 4969 927 5040 foc
980 4973 1025 5021 out
1040 4967 1070 5021 io
1082 4965 1127 5020 dic
1141 4967 1248 5021 lroacste
1262 4965 1508 5034 ambaciensem
1523 4966 1554 5020 ic
1568 4957 1772 5023 ocnoeamdmlll‘

92 5048 206 5104 donam
221 5047 306 5119 (Psoi.
324 5065 417 5121 xxxva
434 5051 489 5123 24).
506 5051 589 5109 Prius
609 5058 656 5110 cst
679 5054 756 5111 enim
782 5055 928 5114 declinare
980 5062 1005 5111 ct
1019 5054 1205 5121 coadorantes,
1220 5070 1276 5110 non
1291 5055 1321 5108 io
1335 5056 1472 5111 cubilitas
1493 5061 1520 5112 et
1543 5053 1772 5128 erapousmanil

91 5150 120 5190 .a
136 5133 222 5205 malo,
236 5140 265 5192 et
278 5139 348 5193 tuno
363 5140 396 5193 ut
410 5138 543 5211 proficiat
556 5157 641 5214 agere
657 5142 766 5199 bonum
779 5161 785 5199 ι
799 5145 881 5216 prius
890 5145 927 5202 dc
981 5145 1012 5199 in.
1028 5146 1198 5200 contentione
1212 5151 1237 5199 ct
1250 5144 1428 5201 tmeolrrttoac
1443 5162 1452 5199 :
1466 5143 1513 5201 sed
1528 5143 1673 5201 induemus
1685 5155 1724 5198 aas
1733 5137 1772 5191 Μ·

93 5214 259 5298 {preteritis
272 5225 360 5301 digne
372 5227 512 5299 poenitero
531 5231 667 5302 peccatis,
684 5236 714 5288 ot
729 5238 799 5290 tuuc
814 5238 846 5288 ut
861 5252 927 5307 pro·
981 5235 1089 5288 ruinam
1111 5232 1203 5288 leston
1225 5233 1366 5290 christum
1379 5229 1708 5305 (ltoan.x111,l2ell),qui
1726 5230 1772 5281 run

104 5313 164 5371 sint
191 5314 277 5371 bonis
304 5315 442 5372 insudare
471 5319 619 5388 operibus.
645 5319 701 5376 Sed
726 5321 928 5392 poenitentiam
983 5321 1067 5378 Patre
1077 5325 1106 5377 et
1116 5321 1226 5393 Spiritu
1237 5324 1338 5378 sancto
1352 5320 1461 5377 rivilet
1471 5326 1573 5396 regnat
1589 5322 1666 5401 Deus
1678 5322 1772 5394 perlffl'

105 5418 189 5475 egero
203 5404 291 5478 digne
313 5423 370 5462 non
397 5415 567 5478 possumus,
585 5408 641 5464 nisi
666 5411 786 5465 modum
812 5429 928 5485 quoque
984 5411 1033 5466 uia
1046 5410 1152 5467 occulo
1167 5409 1351 5480 saeculorum,
1365 5413 1467 5467 Amen.

92 5491 237 5561 ejusdem
265 5494 439 5566 poenitentiae
475 5512 696 5569 cognoscamus.
727 5499 928 5558 Paenitentiam

92 5580 213 5656 -quippe
227 5599 314 5655 ogere
331 5589 386 5651 est,
401 5590 430 5643 et
447 5589 613 5660 perpetrata
635 5586 714 5643 mala
738 5587 886 5661 plangore,
902 5595 931 5647 et
