3810 6098
89 256 165 360 'tre
566 296 759 359 lllNGMXill
783 295 1007 358 asumensis
1029 295 1326 359 altcfllselscopl
1751 293 1810 356 '180

140 429 201 484 Vll.
219 427 250 484 ei
274 427 380 484 habeat
404 428 499 485 locum
523 433 728 502 preparatum,
745 429 795 485 ubi
820 429 970 496 effundiA
986 428 1149 485 manserit:
1167 429 1422 501 quoniumcoutra
1443 429 1559 484 decreta
1584 443 1731 484 canonum
1756 425 1808 485 hoo

107 518 200 591 possit
215 534 292 590 aqua
306 518 422 590 quando
439 518 599 574 abluuntur
613 536 682 573 vasa
700 517 813 586 altaris,
830 523 882 574 aut
897 535 930 574 os
985 516 1095 572 naulum
1110 517 1207 590 agitur
1221 518 1356 589 aquibus
1371 519 1572 589 perpetratum
1590 517 1747 590 quiasicut
1758 533 1818 579 nem

105 606 149 662 vel
165 623 272 662 manus
286 610 352 679 post
367 607 582 678 perceptionem
598 623 686 662 sacra
701 605 928 662 communionis.
985 623 1048 673 suo,
1066 606 1107 661 ito
1122 623 1174 662 occ
1188 606 1283 662 alieno
1299 606 1416 661 nomine
1438 605 1600 679 presbyter,
1616 605 1661 662 vel
1687 604 1818 679 quilibet

105 696 162 751 Aut
176 695 201 750 si
217 695 280 768 ipse
295 696 447 768 presbyter
460 695 586 768 propriis
599 695 746 762 manibus,
763 699 814 749 aut
832 695 930 750 diaco·
984 695 1039 750 sub
1064 694 1175 768 regula,
1201 696 1296 750 foenus
1319 710 1451 750 exercere
1475 695 1573 761 debet,
1589 694 1685 750 multo
1709 694 1818 763 minu.

105 801 172 852 raus,
188 787 241 840 aut
255 783 454 839 subdiaconus
468 785 543 855 eius,
560 783 635 839 lavet
650 772 744 855 primo
768 782 928 856 corporale.
984 783 1321 840 autemfraudemfacerc
1331 784 1366 839 de
1377 781 1784 840 facultatibusecclesiasticis
1815 840 1818 851 ,

140 872 215 928 Vltl.
231 874 294 940 Quo
309 871 427 929 metallo
438 873 477 928 sit
490 871 565 928 culix
575 875 788 944 etpatena,aut
798 889 857 944 qua
867 871 930 928 dili·
984 871 1122 944 quoniam
1139 872 1193 928 hoc
1207 889 1293 946 agere
1308 871 1484 946 sacrilegum
1503 875 1558 941 est,
1575 876 1604 927 et
1619 889 1674 944 par
1698 873 1818 942 crimen

104 961 203 1034 gentio
225 960 441 1028 custodiantur,
460 963 512 1015 aut
535 960 560 1016 si
583 958 690 1015 habeat
717 959 861 1032 pyxidem,
878 958 929 1014 ubi
983 960 1100 1016 Ananiae
1116 965 1144 1017 et
1162 961 1303 1034 Saphirea,
1318 966 1405 1033 atque
1427 961 1511 1017 tudo
1535 960 1619 1029 furis,
1637 960 1689 1033 qui
1710 978 1818 1030 sarm,

105 1065 232 1122 congrue
247 1048 340 1121 possit
354 1049 470 1104 recondi
486 1065 568 1103 sacra
588 1048 695 1103 oblatio
718 1049 877 1104 resrmnda
892 1048 928 1104 ud
983 1048 1157 1118 oblationes,
1171 1067 1233 1122 quas
1244 1051 1280 1105 ud
1292 1066 1367 1105 usus
1381 1049 1512 1106 fidelium
1523 1066 1557 1106 ac
1567 1066 1732 1122 pauperum
1742 1051 1807 1112 mit.

104 1137 244 1193 viaticum
260 1137 396 1196 infirmis.
984 1138 1132 1207 labantur,
1149 1139 1319 1212 asportabat
1333 1143 1362 1193 et
1381 1138 1543 1194 furabatur.
1560 1139 1635 1194 Nam
1662 1138 1740 1195 aliud
1762 1151 1801 1202 est

140 1225 186 1281 fX.
203 1225 240 1282 Ut
253 1224 382 1280 chrisma
396 1229 426 1280 ct
439 1224 535 1280 oleum
558 1229 760 1281 consecratum
785 1225 841 1280 sub
864 1242 929 1282 seru
983 1226 1046 1282 sine
1060 1227 1214 1298 dispendio
1228 1226 1356 1284 ecclesiae
1372 1227 1475 1283 amicis
1489 1227 1534 1284 vel
1550 1229 1722 1300 parentibus
1736 1245 1794 1302 pau-

104 1315 313 1372 reconduntur.
983 1317 1111 1389 peribus,
1124 1320 1175 1371 aut
1194 1315 1375 1389 quibuslibet
1398 1316 1591 1382 necestuosis,
1607 1333 1644 1372 ex
1667 1317 1791 1378 charitate

140 1403 172 1459 Χ.
189 1403 219 1459 Si
234 1402 296 1474 ipse
313 1402 463 1475 presbyter
482 1401 580 1458 visitet
603 1402 747 1470 infirmos,
761 1407 789 1457 et
805 1403 929 1477 inungat
982 1421 1048 1461 cum
1065 1422 1204 1462 mensura
1218 1409 1248 1461 et
1263 1404 1375 1461 ratione
1389 1404 1555 1474 subvenire,
1567 1405 1612 1461 vel
1629 1406 1789 1479 adjutorium

104 1493 167 1550 oleo
182 1495 295 1560 sancto,
306 1491 541 1548 etcommunicet
551 1507 602 1563 per
612 1497 689 1557 se,ot
699 1508 755 1547 nou
768 1508 818 1564 per
828 1509 929 1566 quem·
982 1493 1066 1561 ferre,
1082 1499 1111 1550 et
1127 1492 1206 1549 aliud
1222 1510 1289 1549 eum
1306 1494 1503 1551 destructione
1517 1493 1711 1563 ecclesiane}
1723 1495 1788 1553 diesi·

104 1582 184 1650 libet,
201 1586 230 1638 et
244 1580 293 1636 ille
306 1581 369 1654 ipse
385 1579 583 1636 eommunicet
598 1580 750 1653 populum,
762 1597 815 1637 nec
831 1582 928 1638 tradat
982 1581 1098 1656 potione
1114 1583 1285 1639 facultatum
1300 1582 1578 1653 ecclesiasticarum,
1594 1582 1682 1657 quasi
1698 1583 1786 1655 furtim,

103 1669 340 1727 communionem
355 1668 493 1741 cuiquam
505 1667 579 1724 laico
589 1670 625 1725 ad
637 1670 826 1725 deferendum
838 1671 868 1726 in
880 1671 929 1726 do-
982 1671 1041 1726 imo
1057 1672 1245 1744 furtimque
1260 1670 1391 1728 ecclesia
1401 1687 1466 1728 esse
1476 1672 1683 1738 debuerant,et
1693 1673 1784 1744 usibus,

104 1774 186 1814 mum
202 1774 288 1814 suam
303 1774 393 1813 causa
406 1757 565 1829 cuy'uslibct
579 1756 699 1813 infirmi.
981 1758 1061 1816 illius
1069 1776 1102 1815 ae
1110 1776 1273 1834 pauperum
1282 1776 1333 1815 seu
1342 1758 1491 1832 hospitum
1500 1758 1784 1832 impendi,carnaliun

138 1847 185 1903 Xl.
196 1846 226 1902 Si
240 1844 496 1902 habeatclericum
509 1845 559 1917 qui
570 1846 664 1919 possit
673 1851 771 1903 tenere
783 1846 925 1916 scholam,
982 1847 1140 1904 carnaliter
1153 1848 1258 1904 usibus
1273 1848 1338 1904 sine
1353 1848 1450 1904 divino
1465 1851 1601 1922 respectu
1612 1848 1783 1908 inservirelt

103 1940 155 1992 aut
171 1935 265 2008 legere
279 1933 446 2007 epistolam,
463 1939 513 1990 aut
528 1952 631 1990 canere
654 1934 759 2004 valeat,
775 1941 862 2009 prout
877 1953 927 1993 ue·
982 1936 1017 1991 dc
1033 1936 1104 1992 nihil
1117 1936 1296 1994 habentibus
1306 1942 1459 2011 promotus
1469 1937 1625 2010 presbyter
1634 1955 1691 1994 non
1701 1955 1782 2012 prasa-

26 2093 29 2096 ⁴
104 2023 264 2082 cessarium
280 2023 336 2080 sibi
352 2023 478 2081 videtur.
982 2029 1044 2080 mat
1057 2042 1121 2097 qua
1137 2026 1173 2081 de
1184 2025 1371 2085 facultatibus
1382 2025 1509 2082 ecclesia
1521 2027 1781 2099 compararentue

138 2114 199 2170 Xfl.
216 2113 452 2186 iuvestigandam
469 2112 660 2171 nihilominus
675 2115 710 2171 de
730 2115 927 2173 luminaribus
982 2113 1060 2181 dere,
1075 2113 1120 2170 vel
1135 2113 1221 2186 quusi
1238 2114 1313 2171 118
1329 2115 1363 2171 ad
1380 2131 1479 2171 casam
1498 2114 1547 2171 Dei
1563 2114 1779 2183 tradere,uisird

103 2201 242 2272 ecclesia,
258 2206 309 2258 aut
322 2205 394 2274 quot
408 2201 534 2258 cerarios
549 2202 655 2258 habeat
669 2204 731 2276 ipse
747 2202 862 2260 titulus.
981 2201 1135 2260 ecclesiam
1151 2203 1236 2275 cujus
1251 2203 1373 2276 propria
1388 2219 1453 2261 esse
1468 2204 1586 2273 debeat,
1599 2204 1662 2261 sine
1672 2203 1779 2262 consultu

141 2294 212 2348 m
231 2291 305 2347 Xlll.
320 2289 449 2357 Qualiter
463 2291 502 2346 sit
525 2295 662 2364 cooperta
685 2291 818 2359 ecclesia,
835 2297 887 2349 aut
901 2293 926 2350 si
981 2291 1120 2366 episcopi.

103 2381 142 2437 sit
154 2383 310 2447 camerata,
326 2384 355 2436 et
370 2382 403 2434 ut
416 2378 457 2434 ibi
472 2378 613 2435 columba
628 2379 673 2435 vel
687 2379 751 2436 aliae
775 2398 843 2438 avos
868 2399 926 2439 uou
1016 2380 1072 2436 XX.
1089 2381 1312 2454 Inquirendum,
1328 2382 1352 2438 si
1368 2382 1404 2438 de
1419 2381 1550 2439 tabernis
1566 2386 1595 2439 et
1610 2383 1647 2440 de
1661 2397 1777 2440 ceurau·

103 2469 264 2536 nidificent,
275 2472 394 2541 propter
402 2468 619 2524 immunditiem
634 2469 678 2524 vel
693 2469 927 2543 importunitatis
982 2468 1121 2533 tionibus,
1137 2472 1166 2524 et
1180 2469 1215 2525 de
1231 2469 1428 2526 familiaritate
1447 2471 1579 2528 indebita
1604 2471 1745 2529 muliemm
1755 2485 1777 2526 se

102 2557 347 2630 inquietudinem.
980 2556 1147 2614 custodiant
1157 2557 1414 2631 presbyteri,sieut
1426 2558 1591 2633 sepissime
1600 2559 1775 2617 interdiximus

138 2646 210 2701 XfV.
227 2647 288 2712 Quo
303 2645 420 2702 metallo
436 2644 563 2703 habeant
577 2647 686 2704 ibidem
702 2648 795 2721 signu.
980 2650 1008 2702 et
1019 2646 1314 2720 interdicimus:quiu
1324 2648 1360 2704 ad
1372 2646 1581 2704 contumeliam
1593 2654 1718 2706 nostram
1728 2645 1774 2703 laici

138 2735 196 2791 XV.
211 2734 242 2791 Si
257 2734 366 2790 atrium
392 2733 497 2790 habeat
521 2735 681 2805 munitum,
696 2741 747 2792 aut
771 2737 796 2793 si
822 2737 925 2794 cellam
980 2750 1027 2789 mc
1042 2737 1200 2807 potentat
1214 2735 1238 2791 si
1255 2733 1404 2792 evidenter
1417 2752 1485 2792 cum
1495 2736 1692 2810 testibusque
1701 2733 1774 2810 negat

102 2822 251 2898 propriam
267 2822 371 2879 habeat
382 2823 466 2894 juxta
480 2823 644 2893 ecclesiam,
656 2829 707 2880 aut
722 2826 746 2881 si
763 2825 927 2899 suspiciosa
980 2840 1037 2878 nou
1055 2822 1148 2895 possit
1162 2840 1180 2879 a
1193 2824 1560 2897 quoquam,presbyterum
1578 2825 1609 2881 in
1620 2825 1736 2882 tabernis
1743 2821 1773 2878 iu·
1815 2898 1818 2905 Ι

101 2913 131 2969 in
147 2912 269 2970 circuitu
286 2912 391 2969 ostiola
405 2912 474 2969 sint.
978 2911 1119 2981 venerint,
1127 2911 1273 2969 caballum
1284 2915 1313 2969 et
1322 2928 1445 2985 cappam
1455 2912 1524 2969 iude
1535 2913 1578 2970 eis
1589 2913 1694 2971 habere
1703 2914 1772 2969 limat

137 3002 208 3059 XVI.
225 3002 262 3058 Ut
276 3018 311 3058 ex
324 3000 447 3057 decimis
459 3005 587 3074 quatuor
602 3004 750 3075 portiones
762 3005 925 3077 llaatjuxta
979 3002 1161 3073 Quapropter
1173 3001 1198 3057 si
1214 3001 1320 3058 abhinc
1335 3001 1496 3075 presbyteri
1512 3018 1544 3058 se
1558 3003 1596 3059 de
1615 3003 1717 3060 talibus
1732 3015 1771 3057 uon

101 3090 317 3148 institutionem
332 3090 514 3159 canonicam,
530 3096 559 3147 ct
582 3091 652 3164 ipsae
677 3094 731 3150 sub
756 3093 924 3151 testimonio
979 3089 1191 3162 caverint,quia
1205 3089 1337 3146 divinum
1348 3107 1405 3146 uon
1417 3090 1522 3147 timent
1529 3091 1771 3164 judiciumtempo

101 3182 226 3237 duorum
240 3183 292 3235 aut
309 3178 399 3234 trium
425 3178 556 3235 fidelium
580 3180 710 3237 studiose
725 3185 754 3237 et
768 3166 960 3255 diligenterC
980 3176 1070 3232 ralem
1088 3175 1147 3232 illis
1172 3177 1354 3235 inveniemus
1377 3178 1598 3249 contumeliam,
1615 3186 1644 3237 et
1665 3177 1771 3238 mentm
1816 3222 1818 3231 .

101 3268 269 3324 dividantur
285 3284 292 3322 ε
307 3271 336 3323 et
351 3271 384 3322 ut
397 3267 435 3322 de
448 3266 564 3322 duabus
587 3268 781 3339 portionibus,
796 3270 924 3328 ecelesia
979 3264 1769 3340 illorumincorrigibilitatiadinveniemusdetrimeutau.
1815 3280 1818 3293 ¹

101 3360 130 3414 et
144 3355 283 3430 episcopi,
299 3355 372 3413 ratio
388 3356 528 3412 reddatur
541 3372 593 3430 per
607 3356 739 3431 siugulos
750 3376 842 3417 uanos
852 3360 922 3434 quid
978 3372 1015 3427 pe
1029 3373 1127 3430 {metm
1150 3373 1312 3430 clericorum
1336 3389 1444 3430 accessu
1467 3374 1503 3430 aa
1515 3376 1673 3447 semmei
1685 3388 1769 3448 quara·
1810 3380 1818 3443 ,⁵

100 3445 168 3501 lude
183 3445 338 3519 profecerit
352 3445 382 3500 iu
398 3444 532 3501 ecclesia.
1084 3446 1157 3501 tiene
1170 3444 1203 3500 de
1216 3445 1265 3501 ilfo
1280 3444 1416 3515 aretem
1424 3446 1466 3501 ecl
1474 3446 1617 3518 pereundi
1629 3449 1693 3504 sint.
1815 3446 1818 3519 Ξ

119 3532 219 3591 XVII.
236 3534 274 3592 Ut
288 3533 503 3590 matricularios
518 3534 624 3591 habeat
642 3536 729 3607 juxta
751 3538 923 3611 qualitatem
1012 3532 1083 3589 XXI·
1098 3533 1190 3603 (Corte.
1209 3534 1406 3602 frosteianum,
1422 3550 1486 3607 cop.
1502 3533 1543 3604 9.)
1558 3535 1599 3592 lle
1613 3551 1722 3593 accessu
1733 3546 1769 3588 aa·
1815 3540 1818 3619 j

100 3623 167 3696 loci,
176 3640 235 3679 non
251 3621 394 3680 bubulcos
404 3627 456 3678 aut
465 3623 681 3696 porcarios,sed
692 3625 801 3682 debiles
812 3631 840 3682 et
851 3645 922 3700 pau·

100 3728 194 3787 peres,
209 3716 238 3770 ct
249 3713 285 3768 dc
298 3713 401 3769 eodem
417 3711 556 3767 dominio.
569 3712 631 3769 Nisi
642 3714 714 3769 forte
723 3714 786 3786 ipse
802 3716 923 3789 presby-

99 3808 144 3861 ter
158 3803 265 3860 habeat
277 3803 407 3869 fratrem,
420 3804 472 3856 aut
487 3800 614 3873 aliquem
630 3802 828 3876 propinquum
845 3805 924 3862 debi-

99 3892 222 3964 lem,aut
232 3888 517 3964 pauperrimum,qui
527 3889 563 3944 de
573 3890 676 3946 eadem
687 3891 800 3949 decima
810 3897 923 3950 susten-

99 3986 193 4038 tetur:
204 3980 332 4053 reliquos
343 3982 442 4034 autem
452 3977 671 4051 propinquos,si
679 3979 763 4052 juxta
773 3997 804 4037 se
815 3981 922 4041 habere

976 3624 1048 3690 mm,
1062 3626 1092 3677 et
1120 3620 1361 3694 frequentatione,
1387 3638 1420 3678 ac
1443 3622 1661 3681 cohabitatione
1681 3621 1768 3680 clerico
1815 3622 1818 3631 '

977 3726 1043 3766 rum
1057 3726 1125 3765 curn
1143 3709 1272 3781 feminis,
1287 3711 1365 3768 uude
1380 3711 1545 3768 secandum
1559 3729 1659 3771 sacros
1673 3721 1768 3769 maone

976 3799 1007 3855 in
1022 3798 1160 3855 omuibus
1184 3799 1305 3872 synodis
1328 3799 1493 3873 specialiter
1516 3801 1722 3868 interdiximus,
1733 3796 1768 3852 flt-
1785 3844 1789 3851 .

977 3887 1062 3943 miter
1076 3891 1104 3943 et
1116 3903 1251 3960 expresse
1269 3891 1356 3960 atquc
1379 3887 1502 3946 sollicite
1516 3906 1534 3946 a
1548 3889 1635 3948 uobis
1650 3895 1677 3947 et
1687 3907 1703 3946 a
1712 3899 1766 3944 com·

976 3973 1119 4032 ministris
1134 3974 1242 4032 nostris
1257 3979 1303 4032 est
1316 3975 1537 4049 inquirendum.
1555 3977 1638 4035 Sicut
1659 3976 1725 4035 euim
1736 3969 1766 4027 hit

97 4070 232 4136 voluerit,
248 4069 283 4125 de
298 4085 353 4124 sua
366 4067 499 4141 portione
512 4067 617 4124 vestiat
631 4072 719 4141 atque
739 4075 849 4142 pascat.
975 4064 1025 4136 qui
1052 4062 1167 4119 Domini
1191 4063 1220 4119 in
1245 4080 1333 4121 carne
1357 4065 1513 4122 adventum
1534 4059 1767 4139 precesserunt&

133 4158 231 4218 XVIII.
248 4159 296 4230 (De
307 4157 414 4231 peculio
428 4157 667 4230 ctericoramcap.
681 4159 706 4227 l,
720 4159 777 4231 lvo,
790 4163 864 4231 part.
876 4177 919 4229 111,
975 4152 1023 4208 his
1037 4150 1087 4224 qui
1102 4151 1329 4225 subsequentur,
1345 4169 1398 4226 pro
1412 4157 1582 4226 temporum
1605 4146 1766 4212 rationesml

98 4268 162 4325 cap.
177 4249 235 4324 94.)
251 4247 489 4321 Investigandum
504 4245 649 4315 similiter,
662 4247 686 4302 si
698 4247 772 4303 nihil
784 4248 922 4321 patrimo-
975 4245 1159 4298 sacramenta
1173 4240 1313 4314 disparia,
1329 4241 1366 4298 ad
1390 4240 1562 4316 religionem
1588 4247 1685 4300 tamea
1705 4236 1764 4296 unias

98 4340 140 4397 nii
152 4340 273 4408 habeus,
289 4338 407 4412 quaudo
424 4339 576 4409 provectus
591 4339 636 4392 cet
645 4336 681 4392 ad
693 4335 824 4393 ordinem
833 4337 922 4395 eccle·
973 4330 1165 4403 eiusdemque
1193 4330 1261 4386 fidel
1287 4333 1316 4386 el
1344 4329 1449 4387 salssliss
1478 4331 1667 4403 recurrentis,
1695 4322 1764 4396 aaut

98 4428 259 4495 siasticum,
276 4432 377 4501 pastea
392 4423 495 4483 emerit
510 4424 627 4498 pradia,
644 4426 729 4497 cujas
738 4425 816 4497 juris
835 4427 918 4484 siut:
973 4416 1116 4492 scriplum
1144 4423 1199 4488 θθῑ,
1221 4418 1432 4476 Perframiluttl
1457 4420 1588 4492 plurimi,
1602 4428 1629 4479 0²
1653 4411 1764 4487 ’¹⁸⁹⁸le

97 4516 236 4587 quoniam
254 4515 392 4583 ecclesia,
409 4515 445 4570 ad
468 4530 558 4587 quum
583 4513 619 4569 de
643 4512 715 4569 nihil
741 4513 918 4571 habentibus
936 4531 957 4594 D
972 4510 1026 4564 crit
1045 4510 1162 4564 artemia
1184 4510 1264 4578 (flora
1281 4525 1331 4579 xn,
1348 4507 1385 4580 4),
1402 4525 1454 4581 per
1478 4509 1662 4568 incrementa
1683 4513 1763 4574 aaa

98 4605 249 4673 promotus
263 4607 317 4670 est,
332 4617 395 4657 esse
410 4601 517 4658 debent
527 4602 613 4672 juxta
626 4599 772 4658 canonica
792 4602 918 4660 auctori·
973 4613 1049 4667 rum,
1066 4601 1127 4652 tam
1141 4597 1347 4670 perseipsum,
1363 4613 1453 4670 quam
1468 4602 1498 4654 et
1509 4614 1563 4671 per
1577 4585 1762 4674 augelosinlt

97 4689 166 4744 tutis
181 4690 340 4745 decretum.
973 4686 1027 4742 teri
1043 4686 1240 4754 Testamenta,
1256 4685 1286 4742 ia
1299 4686 1377 4743 Nove
1401 4690 1501 4746 autem
1526 4687 1666 4746 similiter
1685 4687 1762 4769 perth

131 4777 202 4832 XlV.
215 4777 261 4849 (De
273 4778 379 4848 peculio
392 4778 563 4846 clericorum,
576 4780 683 4851 capi.)
694 4780 918 4853 Inquirendum‚
973 4780 1002 4831 et
1016 4776 1210 4848 perductores
1221 4774 1380 4831 catholicos
1391 4780 1419 4832 et
1429 4774 1589 4848 magistros
1599 4771 1761 4836 Ecclesiaflul

96 4867 121 4924 si
135 4864 286 4924 occasione
302 4864 390 4935 hujus
405 4865 578 4937 precedenti
589 4866 709 4938 capituli
721 4869 826 4942 aliquis
837 4885 917 4942 pres·
972 4869 1002 4920 et
1013 4868 1169 4921 attestante
1185 4864 1326 4938 propheta
1340 4865 1436 4938 augeli
1452 4863 1725 4934 nominanturauett
1731 4850 1761 4946 θ’)

94 4958 261 5032 hyterorum
277 4952 384 5011 abhinc
399 4954 434 5009 de
450 4954 593 5009 reditibus
603 4955 918 5026 ccelesiae,veloblatio·
971 4952 1122 5010 subtilitas
1136 4959 1164 5009 et
1179 4951 1385 5026 multiplicatio
1399 4950 1762 5027 preceptor-umescunt·

94 5047 182 5103 uibus
197 5062 231 5102 ac
242 5042 317 5101 votis
330 5041 568 5109 fidelium,alieno
584 5043 759 5100 nominares
770 5062 918 5119 compara·
971 5042 1036 5098 dem
1053 5041 1196 5098 Dominus
1210 5040 1241 5096 iu
1257 5041 1393 5114 paradiso
1414 5042 1494 5111 Ado,
1509 5047 1538 5098 et
1562 5046 1630 5115 post
1651 5029 1759 5098 dilub'lm
1816 5108 1818 5127 Ι

93 5135 174 5203 yerit,
191 5138 220 5191 et
231 5132 272 5188 ibi
288 5135 451 5188 structuras
467 5130 621 5187 feceritvcl
633 5148 696 5204 qua
711 5133 748 5189 ad
763 5133 917 5190 ecclesiam
971 5131 1030 5186 Noe
1045 5135 1074 5187 et
1087 5129 1208 5186 Abrahae
1223 5131 1259 5185 de
1277 5128 1499 5186 circumcisione
1523 5130 1606 5186 dedit
1629 5119 1759 5206 precepi&

93 5225 240 5298 pertinent
253 5221 294 5278 ibi
310 5219 701 5286 collocaveritetmulicrum
712 5223 917 5295 frequentatio-
970 5219 1064 5293 legem
1079 5224 1178 5276 autem
1195 5235 1246 5292 per
1259 5219 1379 5292 angelos
1394 5219 1487 5293 Moysi
1512 5219 1665 5279 mediatori
1687 5217 1709 5272 et
1725 5215 1760 5277 ll
1816 5284 1818 5289 ,

92 5332 160 5372 acm
177 5314 249 5370 inibi
262 5311 324 5369 fleri
339 5308 514 5384 permiserit,
525 5308 580 5378 vel,
593 5312 670 5382 quod
687 5313 803 5385 turpius
818 5315 917 5379 est,ta·
970 5309 1083 5382 palam,
1100 5313 1133 5364 ut
1147 5308 1274 5365 ostendit
1296 5308 1465 5383 Apostolus.
1481 5309 1514 5366 lu
1538 5326 1613 5367 aoso
1634 5292 1759 5391 autemll‘
1815 5316 1818 5397 y

91 5402 135 5459 les
145 5402 282 5460 mulieres
292 5402 332 5458 ihi
343 5399 556 5472 habueritque
568 5398 727 5456 lanificium
738 5418 827 5458 suum
838 5417 916 5459 exer
969 5402 1013 5454 ter
1027 5416 1058 5455 se
1073 5399 1259 5455 Testamenta
1274 5397 1444 5455 incarnatus
1459 5415 1511 5472 per
1525 5416 1556 5456 se
1572 5398 1679 5466 diceas,
1694 5380 1761 5479 Mis?
1815 5402 1818 5425 ⁸

92 5495 185 5562 ceant,
201 5496 345 5549 eteorum
366 5490 471 5545 domus
496 5492 595 5562 agant,
611 5493 640 5544 et
663 5489 699 5545 ad
724 5489 827 5547 cadem
851 5491 915 5547 loca
968 5491 1002 5545 tie
1016 5489 1083 5561 quie
1096 5487 1199 5544 dictam
1212 5495 1253 5544 ert
1266 5505 1274 5542 :
1289 5487 1392 5559 Ditiqes
1404 5489 1564 5561 proximam
1588 5496 1674 5554 tuum,
1688 5469 1760 5571 ellitf

91 5580 241 5657 presbyter
255 5581 415 5658 incoagrue
434 5577 598 5653 recurrerit,
616 5578 852 5655 frequentaverit,
869 5579 912 5641 val
967 5577 1078 5636 habeta
1111 5578 1257 5635 inimicam
1288 5584 1376 5636 team.
1409 5578 1468 5655 Epo
1502 5585 1594 5636 ouum
1624 5576 1681 5635 dico
1706 5563 1765 5628 llll*
