3810 6098
117 293 158 361 ⁸8
585 296 778 361 iilNClldltl
801 293 1026 359 anastase
1047 293 1356 360 aaufflaetscoet.
1789 294 1833 359 et

118 428 204 504 quasi
218 446 276 486 non
287 427 413 488 discussi
423 428 531 503 negotii
547 429 728 487 audientiam
744 429 942 502 postulantem
958 430 984 496 Α
999 428 1050 501 qui
1066 428 1220 500 paululum
1235 447 1267 485 se
1286 430 1322 485 ad
1347 427 1471 502 legenda
1495 426 1557 485 hec
1581 427 1695 501 dignati
1720 427 1833 485 suerint

117 518 209 576 totius
225 518 313 576 ltalia
329 519 439 575 finibus
451 520 545 590 jussit
558 519 684 576 extrudi.
700 519 778 575 Adeo
794 523 823 575 et
837 518 946 591 praedc·
1002 533 1154 590 occupare,
1170 517 1318 574 evidenter
1332 520 1503 591 agnoscant,
1521 514 1681 588 impiarum
1696 517 1835 589 prolana·

117 623 401 666 cessorumsucrum
414 607 948 681 statutaetdecretasyuodaliainvic·
1001 623 1127 678 rumque
1146 607 1318 679 opinionum
1341 605 1455 661 nullum
1480 607 1531 662 2⁰
1556 605 1695 662 cordibus
1720 607 1832 663 nostris

118 695 247 754 labiliter
261 696 404 754 servanda
414 698 560 765 censebat,
572 701 606 753 ut
620 697 697 769 quod
713 698 763 752 lt)
779 695 869 753 semel
885 713 945 751 mc·
1000 694 1153 752 inhaesisse
1163 695 1330 769 vestigium,
1342 700 1371 751 et
1381 693 1581 768 blasphemias
1593 710 1667 765 ques
1677 712 1834 767 perspexe·

116 789 218 842 ruerat
239 784 352 842 abscidi
374 801 561 858 nequaquam
589 786 756 842 admitteret
783 784 944 841 retractari.
1000 784 1060 840 riut
1076 789 1176 841 nostra
1194 784 1374 857 professione
1389 784 1534 849 damnari,
1546 782 1576 838 in
1596 784 1770 839 earumdem
1786 801 1834 840 re·

116 872 175 931 Nec
188 890 256 930 vero
272 875 405 947 segniore
431 891 501 930 cura
516 875 552 931 ab
568 874 623 931 hcc
638 875 740 931 eodem
765 875 866 930 morbo
883 874 944 930 Bri·
1000 874 1167 946 pertcribus
1182 877 1322 929 censeant
1336 873 1441 928 dehere
1457 871 1590 945 puniri.»
1602 871 1669 927 llaec
1683 877 1833 930 commota

118 961 237 1019 tanmas
247 961 381 1018 liberavit
391 979 397 1019 :
408 963 524 1035 quando
533 964 678 1035 quosdam
690 962 944 1035 inimicosgratie,
1000 966 1030 1019 et
1044 978 1212 1034 compressa
1227 967 1315 1035 atquc
1341 961 1504 1034 composita
1518 959 1578 1017 illis
1592 959 1635 1016 ita
1649 960 1732 1016 lucre
1753 965 1831 1018 tem-

120 1050 218 1109 sclum
229 1069 289 1108 sae
300 1051 422 1125 originis
432 1057 620 1124 occupantes,
630 1052 717 1108 etiam
729 1050 825 1107 abillo
837 1057 946 1107 secreto
1001 1052 1133 1123 poribus.

117 1139 229 1198 exclusi
244 1140 361 1209 Oceani,
373 1145 402 1197 et
422 1141 556 1197 ordinato
580 1140 687 1197 Scottis
710 1141 857 1213 episeopo,
875 1141 946 1196 dum
1327 1147 1444 1205 CAPUT
1464 1147 1499 1203 11,

119 1227 284 1286 Romanam
298 1228 428 1285 insulam
441 1230 542 1287 studet
556 1245 671 1286 servare
681 1228 866 1298 catholicam,
879 1229 947 1285 iecit
1000 1238 1054 1294 Per
1068 1253 1134 1310 quos
1148 1244 1174 1292 et
1188 1238 1307 1310 qualiter
1321 1237 1377 1293 ἠως
1390 1235 1484 1292 eudem
1498 1235 1622 1305 haeresis,
1639 1244 1671 1292 at
1685 1235 1719 1292 de
1735 1243 1832 1294 araneo

117 1315 946 1374 etiamharbaramChristianam.Perhanevirumetiam
1036 1308 1232 1393 amaritudinis
1260 1310 1358 1381 spuria
1385 1309 1562 1378 vitulamina,
1583 1309 1611 1364 in
1633 1315 1753 1382 &mpero
1780 1310 1831 1365 itio

52 1408 63 1446 -’
119 1405 283 1464 Orientales
306 1406 440 1463 Ecclesia
460 1407 578 1479 gemina
593 1410 674 1479 peste
697 1411 827 1480 purgate
852 1412 945 1463 sunt:
1034 1381 1224 1454 pillulwem·

122 1495 240 1568 quaudo
256 1495 362 1570 Cyrillc
377 1495 577 1551 Alexandriae
593 1495 675 1552 urbis
691 1495 826 1563 antistiti,
837 1495 948 1568 glorio·
1037 1495 1068 1552 ln
1084 1496 1139 1552 hcc
1155 1501 1254 1552 autem
1277 1500 1408 1568 tempore
1423 1493 1544 1568 quidam
1559 1493 1781 1566 Gothescalcus,
1797 1511 1832 1551 ex

116 1581 238 1641 sissimo
255 1584 323 1641 fidei
344 1583 493 1641 catholica
517 1584 720 1653 defensori,ad
745 1583 946 1641 debellendam
1002 1584 1171 1657 metropolis
1193 1583 1328 1641 Ecclesia
1344 1583 1524 1640 Rbemorum
1549 1582 1831 1656 monasterio,quod

115 1671 319 1730 Nestorianam
335 1673 516 1746 impietatem
541 1673 701 1746 apostolico
725 1673 882 1730 auxiliatus
903 1678 948 1729 est
1001 1672 1121 1730 Orbacis
1136 1673 1254 1739 dicitur,
1270 1672 1372 1729 habitu
1398 1671 1572 1738 monachus,
1585 1676 1684 1727 mente
1707 1671 1831 1742 ferinus,

115 1758 223 1835 gladio,
232 1778 289 1834 quo
304 1761 393 1818 etiam
404 1760 561 1835 Pelagiani,
573 1764 645 1818 dum
657 1762 789 1836 cognatis
802 1762 946 1819 conioede·
1002 1762 1109 1835 quietis
1125 1762 1324 1834 impatiens,et
1333 1761 1409 1818 inter
1419 1777 1489 1817 suos
1500 1759 1662 1817 mobilitate
1673 1760 1760 1817 noxia
1773 1760 1833 1816 sin·

116 1852 220 1905 rantur
229 1851 389 1921 erroribus,
399 1849 507 1906 iterum
523 1856 787 1922 prosternerentur.
798 1852 850 1907 Per
865 1851 944 1907 hune
1000 1851 1120 1926 galeris,
1137 1853 1173 1908 de
1197 1851 1335 1907 omnibus
1351 1867 1415 1924 qua
1431 1866 1564 1923 perverse
1592 1853 1664 1905 tunc
1688 1850 1831 1922 temporis

114 1935 212 1993 virum
229 1937 306 1992 intra
317 1934 426 1993 Gallias
437 1937 503 1993 istis
518 1936 600 2008 ipsis,
613 1938 663 2009 qui
674 1943 781 1994 sanetae
798 1940 944 1995 memorie
998 1958 1085 1997 sensa
1100 1944 1283 2013 cognoverat,
1296 1943 1423 2013 quatuor
1437 1938 1494 1995 sibi
1508 1937 1597 2012 elegit
1611 1937 1752 2012 capitula,
1764 1955 1831 1995 om·

115 2023 273 2095 Augustini
288 2024 398 2097 scripta
412 2024 639 2097 reprehendunt,
652 2025 884 2100 maleloquentiae
899 2033 944 2084 est
998 2029 1081 2085 nium
1096 2045 1169 2102 pene
1186 2028 1409 2100 perversitatum
1425 2027 1543 2083 illarum
1559 2026 1674 2084 iaetidas
1689 2031 1720 2084 et
1733 2043 1831 2083 crenu-

117 2109 255 2184 adempta
279 2111 423 2168 libertas:
441 2114 558 2185 quando
586 2114 803 2171 consulentium
832 2113 943 2172 actione
998 2117 1092 2174 lentas
1109 2119 1186 2174 seces
1202 2118 1232 2173 in
1245 2134 1276 2174 se
1287 2114 1790 2194 continentia,quibussimplicium
1803 2120 1833 2172 ot

117 2202 266 2271 suscepta,
282 2205 310 2256 et
329 2200 472 2257 librorum
492 2202 543 2275 qui
563 2203 730 2260 errantibus
750 2203 945 2277 displicebant
998 2207 1167 2263 devotorum
1178 2223 1283 2263 sensus
1295 2208 1500 2278 pervertere,et
1509 2203 1644 2278 magistri
1655 2202 1712 2260 sibi
1723 2221 1831 2261 nomen

117 2286 226 2362 pietate
239 2287 442 2361 laudata,quid
453 2285 600 2363 oporteret
610 2293 645 2348 de
656 2309 756 2349 eorum
773 2293 944 2350 auctoritate
997 2297 1178 2369 usurpando,
1196 2300 1262 2368 post
1278 2313 1308 2350 se
1324 2293 1485 2367 discipulos
1500 2293 1627 2364 trahere,
1641 2291 1763 2365 illisque
1779 2293 1831 2366 qui

119 2377 223 2434 sentiri
238 2384 340 2434 sancto
362 2379 559 2435 manifestavit
576 2380 702 2453 eloquio,
715 2383 863 2438 evidenter
877 2399 943 2456 pro·
998 2385 1035 2441 ad
1051 2389 1181 2441 suavota
1196 2384 1318 2440 auribus
1334 2383 1498 2456 prurientes
1514 2381 1672 2455 magistros
1688 2382 1746 2438 sihi
1765 2399 1832 2439 coa-

118 2465 421 2539 nuntians,quantum
437 2467 492 2523 sibi
509 2470 746 2542 presumptionis
763 2472 848 2528 istius
863 2472 943 2527 novi·
1000 2491 1117 2530 curvare
1131 2474 1283 2529 ‹lacertaut
1307 2471 1416 2528 valeret
1440 2470 1579 2538 indebite,
1592 2470 1733 2544 quoniam
1758 2470 1831 2544 legi·

117 2556 164 2610 tas
176 2554 355 2628 displiceret,
363 2573 422 2629 qua
432 2558 573 2614 auderent
583 2559 702 2631 quidam
713 2561 853 2617 adversus
866 2562 944 2616 anti·
998 2562 1069 2619 time
1081 2579 1138 2619 uon
1150 2566 1274 2634 poterat,
1284 2560 1345 2617 vita
1355 2560 1492 2633 religiosa
1501 2564 1530 2616 et
1540 2558 1684 2616 catholiea
1694 2560 1832 2617 doctrina

118 2659 194 2716 quos
209 2643 366 2717 magistros
381 2645 541 2702 insolenter
559 2647 721 2721 insurgere,
732 2653 762 2704 ct
781 2649 943 2722 indiscipli·
998 2668 1133 2725 praeesse.
1146 2651 1232 2722 lsque
1245 2667 1319 2722 quos
1330 2649 1426 2722 potuit
1437 2648 1495 2706 sihi
1506 2644 1663 2721 complices
1673 2648 1742 2706 iecit
1752 2649 1830 2705 duu-

120 2736 190 2788 nata
210 2731 361 2789 calumnia
380 2734 579 2806 praedicationi
602 2737 732 2794 veritatis
753 2738 942 2810 obstrepere:
998 2739 1230 2796 taxatianoiesei
1242 2738 1508 2810 desiderantes,qui
1521 2737 1660 2810 quoniam
1670 2739 1759 2794 rectis
1772 2756 1831 2794 non

121 2820 360 2895 «Augustinum,
379 2823 527 2895 inquiens,
538 2829 645 2881 sancta
671 2827 880 2884 recordationis
903 2827 944 2883 vi·
999 2827 1269 2902 poterantdyscclis
1286 2828 1346 2883 noti
1362 2828 1475 2883 fierent.
1488 2826 1600 2899 Quique
1616 2844 1633 2883 a
1649 2828 1831 2885 monasterio

117 2925 196 2981 rum,
204 2927 256 2983 pra
264 2910 322 2968 vita
331 2918 480 2985 secatque
490 2931 542 2986 pro
553 2913 712 2983 meritis,in
723 2922 823 2972 nostra
830 2935 945 2990 semper
999 2917 1199 2991 irregulariter
1209 2917 1319 2984 exiens,
1327 2914 1489 2988 peragratis
1501 2914 1669 2987 regionibus
1680 2915 1829 2988 plurimis,

118 2999 326 3058 communione
351 3000 522 3071 habuimus,
539 3026 553 3053 u
576 3008 604 3059 et
628 3004 789 3077 sequentia,
808 3005 884 3062 sieut
911 3023 945 3062 cx
999 3008 1029 3064 in
1043 3007 1215 3080 Magantina
1225 3005 1340 3061 civitate
1356 3005 1462 3061 habite
1478 3005 1587 3077 synodo
1599 3009 1628 3060 et
1643 3005 1765 3061 liubane
1782 3024 1830 3062 ar-

120 3087 246 3162 epistcla
254 3090 387 3161 ejusdem
398 3108 480 3164 pape
488 3109 578 3164 supra
587 3094 751 3165 posuimus.
759 3096 833 3162 Quia
843 3094 946 3152 nihilo·
999 3096 1184 3170 chiepiscopo
1194 3094 1325 3151 libellam
1334 3095 1380 3151 sui
1389 3094 1496 3150 erroris
1503 3092 1830 3166 porrigens,damnatus

120 3176 221 3233 minus
236 3194 270 3234 ex
285 3179 466 3251 delegatione
481 3181 645 3252 apostolice
661 3181 739 3238 sedis
755 3183 815 3238 brac
830 3184 943 3240 incom-
959 3163 982 3233 C
999 3202 1066 3243 cum
1083 3184 1188 3241 litteris
1202 3184 1392 3258 synodalibus
1403 3184 1438 3240 ad
1451 3181 1630 3239 lihemorum
1642 3183 1830 3256 metropolim

116 3265 213 3337 posita
227 3264 257 3319 in
274 3265 392 3322 Gallicis
412 3267 581 3339 regionibus
600 3271 807 3340 composuerit,
824 3272 901 3328 sicut
916 3278 944 3329 et
998 3278 1043 3330 est
1057 3272 1200 3329 remissus
1213 3290 1219 3328 :
1232 3289 1359 3346 quaram
1377 3271 1542 3327 litterarum
1556 3270 1705 3345 exemplar
1718 3271 1768 3328 hic
1784 3273 1831 3328 in-

115 3349 148 3406 in
163 3351 284 3423 prelata
308 3353 432 3424 epistola
451 3354 624 3412 Coelestinus
649 3359 831 3428 monstravit,
849 3360 943 3418 isdem
998 3379 1094 3419 serere
1107 3361 1279 3418 rationabile
1293 3360 1531 3432 duximus,qucd
1544 3360 1585 3416 ita
1597 3360 1762 3416 sehabet«
1775 3362 1830 3419 Re·

116 3438 242 3511 Prosper
254 3438 285 3495 ia
296 3441 464 3513 prelatione
474 3443 734 3502 vincentianarum
743 3448 942 3520 objectionum
997 3450 1198 3508 verentissims
1210 3451 1293 3506 tratri
1303 3454 1331 3505 et
1342 3449 1542 3506 consacerdoti
1552 3449 1709 3505 Hinemaro
1720 3450 1833 3508 arehie-

24 3606 30 3617 ,
116 3527 245 3584 ostendit
267 3528 368 3586 dicens
385 3547 419 3585 :a
438 3531 572 3601 Quidam,
589 3532 695 3606 inquit,
713 3535 884 3593 Christianae
909 3558 942 3596 ae
998 3540 1118 3615 piscopc
1135 3539 1273 3595 [tabanus
1286 3555 1387 3594 servus
1397 3536 1504 3594 Christi
1521 3539 1789 3610 etservorumejus
1800 3538 1830 3595 in

115 3615 249 3674 fraterna
262 3617 414 3675 charitatis
424 3620 517 3688 obliti,
528 3621 558 3676 in
570 3627 684 3678 tantum
697 3623 940 3684 existimationem
997 3628 1120 3685 Domino
1137 3627 1274 3683 salutern.
1286 3627 1394 3683 Notum
1411 3626 1450 3682 sit
1465 3625 1613 3682 dilectioni
1627 3631 1731 3682 vestre
1748 3629 1829 3700 quod

115 3709 248 3763 nostram
264 3722 381 3780 quoquo
397 3709 483 3764 mode
497 3710 618 3766 studeat
632 3710 746 3780 laedere,
763 3719 796 3769 ut
810 3732 895 3770 suam
911 3734 942 3773 so
996 3716 1117 3789 quidam
1132 3733 1295 3789 gyrovagus
1320 3714 1483 3771 monachus
1504 3715 1622 3771 nomine
1642 3715 1828 3786 Gothesealc,

109 3800 243 3879 ‘evertere
258 3796 381 3851 nocendi
392 3797 552 3869 cupiditate
567 3816 625 3856 non
640 3801 766 3858 videant.
779 3804 943 3862 Contexunt
995 3806 1045 3878 qui
1062 3822 1093 3861 se
1108 3804 1214 3861 asserit
1231 3804 1413 3860 sacerdotem
1435 3803 1464 3858 in
1481 3809 1578 3861 vestra
1592 3803 1732 3876 parocbia
1746 3806 1830 3862 ordi-

115 3883 940 3964 enim,etqualibuspossuntsententiiscomprehendunt,

113 3967 367 4043 ineptissimarum
375 3977 572 4045 quarumdam
584 3977 835 4051 blasphemiarum
846 3985 942 4056 predi-

113 4057 197 4131 giosa
225 4061 388 4130 mendacia,
404 4079 497 4135 eaque
524 4066 706 4123 ostendenda
729 4074 758 4125 et
783 4071 941 4145 ingerenda

114 4146 940 4227 multispubliceprivatimquecircumierunt,asserentes

113 4234 185 4291 talia
199 4234 229 4292 in
245 4243 345 4295 nostro
360 4256 424 4297 esse
440 4259 540 4310 sensu,
553 4244 621 4316 quia
632 4243 776 4303 diabolico
791 4251 941 4306 contineu-

112 4324 312 4384 turindiculc.
324 4330 392 4396 cue
408 4331 480 4386 salso
502 4333 532 4385 in
554 4349 607 4388 nos
623 4335 659 4388 ad
675 4337 875 4394 suscitandam
893 4340 940 4394 in-

112 4411 222 4470 vidiam
233 4416 374 4488 pactitari,
388 4419 472 4476 facile
486 4424 515 4476 et
529 4421 709 4478 sufficienter
724 4426 939 4499 subscriptione

996 3900 1112 3961 natura,
1131 3895 1167 3949 de
1184 3892 1265 3949 ltalia
1286 3892 1365 3948 venit
1387 3893 1424 3948 ad
1449 3910 1502 3949 nos
1526 3892 1720 3967 liloguntiam,
1737 3911 1830 3953 novas

996 3981 1224 4055 superstitiones
1239 3987 1267 4038 et
1282 3981 1398 4036 noxiam
1412 3981 1575 4038 doctrinam
1590 3983 1626 4038 de
1641 3982 1829 4054 predestina-

995 4071 1074 4129 tione
1089 4071 1139 4127 Dei
1162 4070 1363 4136 introducens,
1380 4074 1408 4124 et
1428 4069 1552 4143 populos
1567 4071 1598 4126 in
1612 4087 1742 4127 errorem
1758 4071 1827 4129 mit·

995 4164 1060 4218 teus
1073 4177 1079 4214 :
1093 4160 1194 4216 dicens
1210 4160 1289 4231 quod
1310 4158 1528 4237 praedestinatio
1543 4159 1592 4216 Dei
1611 4159 1690 4215 sicut
1704 4158 1734 4214 in
1748 4161 1826 4218 bouo

995 4250 1035 4306 sit
1048 4249 1089 4304 ita
1103 4252 1133 4304 et
1148 4247 1177 4303 in
1194 4247 1287 4316 malo;
1304 4251 1333 4302 ct
1348 4246 1422 4302 tales
1438 4247 1543 4304 sintin
1557 4247 1612 4304 hcc
1632 4248 1744 4304 mundo
1761 4250 1827 4322 qui-

995 4337 1136 4410 dam,qui
1162 4341 1281 4409 propter
1300 4335 1587 4408 predestinationena
1612 4336 1662 4393 Dei
1687 4354 1753 4410 quae
1778 4356 1827 4397 cos

995 4431 1079 4500 cogat
1094 4426 1124 4481 in
1140 4429 1265 4481 mortem
1280 4423 1332 4492 ire,
1346 4441 1403 4480 non
1419 4424 1535 4496 possint
1550 4424 1586 4480 ab
1602 4441 1699 4480 errore
1715 4430 1744 4480 et
1759 4443 1826 4498 pec·

113 4499 204 4557 unius
217 4503 407 4574 probaremus
421 4509 629 4579 anathematis,
642 4512 697 4568 nisi
715 4514 883 4587 malignitas
896 4535 940 4574 ea·
954 4534 978 4600 fl
994 4520 1058 4572 cato
1074 4532 1104 4572 sc
1119 4515 1274 4588 corrigere,
1291 4512 1375 4586 quasi
1393 4512 1470 4569 Dens
1485 4529 1535 4568 cos
1555 4511 1673 4569 iecisset
1688 4513 1725 4568 ab
1741 4514 1826 4572 initio

113 4591 249 4664 rum,qui
265 4608 296 4648 se
319 4596 433 4666 gravari
457 4603 563 4669 putant
577 4600 601 4656 si
618 4602 753 4658 donabis
769 4605 842 4662 hene
869 4623 937 4663 sen-

112 4676 212 4747 tiatur,
228 4679 322 4751 ipsam
335 4683 559 4756 subscriptionis
575 4695 680 4745 nostre
691 4691 862 4751 brevitatem
877 4714 939 4752 sus·

112 4771 228 4841 pectam
244 4774 322 4825 essct
336 4771 482 4829 habitura.
494 4774 576 4832 Unde
592 4795 628 4834 ue
649 4779 738 4852 hujus
755 4784 878 4854 querelae
894 4785 938 4841 in-

111 4855 261 4913 veniretur
269 4861 393 4932 occasio,
402 4864 599 4920 necessarium
608 4870 840 4943 conveniensque
850 4875 938 4931 credi·

112 4945 259 5012 dimus,ut
269 4946 328 5003 sive
336 4949 372 5004 ad
382 4950 615 5009 calumaantium
626 4956 740 5014 animos
748 4960 937 5034 mitigandos,

113 5034 174 5092 eive
184 5034 221 5092 ad
231 5053 281 5092 eos
292 5052 416 5109 quorum
427 5041 548 5097 auribus
560 5041 618 5098 tale
628 5043 739 5116 aliquid
753 5048 882 5104 insonuit
894 5053 938 5107 in·

113 5126 444 5198 struendas,quantum,
453 5128 609 5200 adjuvante
620 5131 754 5206 Domino,
768 5137 827 5192 fieri
839 5145 937 5210 potue·

113 5213 162 5282 rit,
174 5213 259 5287 pleae
269 5213 423 5288 lucideque
435 5218 599 5289 pandamus
609 5222 680 5293 quid
692 5224 726 5280 de
736 5228 880 5297 perversis
891 5230 938 5286 dc·

112 5299 481 5376 finitionibusjudiceruus.
495 5305 653 5378 Propositis
665 5311 755 5384 igitur
765 5313 936 5387 singillatim

993 4601 1206 4675 incorrigibiles
1221 4619 1295 4669 csse,
1307 4606 1336 4656 et
1351 4619 1441 4674 paenae
1458 4600 1598 4658 obnoxios
1622 4601 1652 4658 in
1670 4601 1825 4659 interitum

994 4693 1046 4749 ire.
1060 4693 1138 4748 llanc
1149 4708 1217 4764 ergo
1228 4689 1396 4762 opinionem
1408 4707 1502 4763 nuper
1512 4690 1541 4746 ia
1554 4691 1664 4765 synodo
1676 4691 1756 4766 apud
1770 4693 1828 4749 tto·

992 4782 1126 4857 gantiam
1142 4780 1242 4836 habita
1257 4780 1292 4834 ab
1309 4796 1342 4835 ec
1359 4779 1524 4849 audientes,
1541 4783 1569 4836 et
1592 4779 1825 4854 incorrigibilem

993 4887 1060 4928 eum
1076 4868 1262 4943 reperientes.
1275 4874 1422 4924 annuente
1443 4872 1531 4941 atque
1550 4869 1674 4940 jubente
1689 4867 1826 4942 piissimo

993 4977 1059 5032 rege
1074 4963 1174 5015 nostro
1190 4957 1345 5025 Ludovico,
1360 4956 1543 5013 decrevimus
1557 4974 1625 5014 eum
1641 4975 1710 5014 cum
1724 4960 1827 5032 perni-

993 5050 1072 5106 ciosa
1088 5065 1141 5103 sua
1156 5046 1289 5102 doctrina
1301 5042 1474 5103 damnatum
1490 5046 1606 5102 mittere
1619 5046 1656 5102 ad
1668 5064 1736 5115 v0s;
1751 5065 1827 5120 qua·

991 5143 1078 5195 tenus
1092 5153 1159 5192 eum
1175 5134 1333 5192 recludatis
1355 5137 1384 5192 in
1400 5140 1496 5192 vestra
1515 5135 1655 5209 parochia
1670 5136 1750 5192 unde
1766 5138 1827 5209 pri-

991 5245 1073 5285 mum
1083 5225 1247 5282 inordinate
1256 5225 1386 5293 recessit,
1396 5230 1424 5282 et
1434 5243 1492 5281 nen
1503 5224 1684 5282 sinatiseum
1693 5224 1828 5298 amplius

993 5333 1120 5375 errorem
1133 5315 1247 5382 docere,
1262 5319 1290 5370 et
1305 5315 1443 5370 seducere
1455 5314 1596 5388 populum
1609 5313 1827 5384 Christianam,

112 5389 259 5446 sexdecim
275 5394 424 5466 capitulis,
440 5395 495 5450 sub
515 5414 691 5470 unoquoque
711 5418 811 5459 eorum
832 5423 937 5465 sensus
992 5406 1130 5481 quiajam
1142 5402 1446 5472 multasseductcs,ut
1457 5404 1565 5472 audivi,
1576 5404 1827 5471 babet,etruinus

31 5516 34 5521 ·
112 5478 205 5532 110ὃὶΓί
217 5485 246 5534 Ol
256 5481 426 5555 ssdci,quarn
437 5490 539 5541 contra
547 5485 716 5559 Pelagianos
727 5507 761 5544 er
772 5495 936 5564 apostolieae
991 5499 1110 5553 devotos
1126 5510 1194 5565 erga
1211 5510 1294 5547 suam
1312 5492 1448 5560 salutem,
1460 5493 1509 5565 qui
1530 5492 1642 5549 dicunt.
1655 5493 1729 5559 Quid
1748 5492 1826 5550 mihi

113 5564 193 5622 sedis
213 5571 387 5630 auctoritate
407 5575 601 5645 defendimus,
617 5577 705 5633 verba
724 5595 867 5650 ponemus
883 5603 889 5642 :
906 5592 938 5641 ut
992 5582 1120 5662 proderit
1134 5581 1266 5638 laborare
1281 5581 1312 5637 in
1327 5581 1444 5639 servitio
1454 5580 1526 5638 Dei?
1541 5582 1611 5654 quia
1625 5581 1650 5638 si
1666 5580 1826 5653 predesti-
