3810 6098
102 284 166 350 687'
562 286 754 350 HINCMAlll
779 280 1001 347 {thautanis
1023 285 1332 347 ARCHIEPISGOPI.
1746 278 1820 347 688ΙΙ

102 421 446 496 scripturamdirectam,
460 420 504 478 vel
521 422 557 477 ab
580 421 636 476 alio
660 425 833 494 porrectam,
850 418 925 474 valet
938 419 965 486 Α
981 419 1100 479 tonaret
1112 419 1247 489 quianon
1259 419 1434 487 initum‚sed
1446 420 1541 492 magis
1551 423 1730 493 usurpatum
1741 436 1812 476 con·

103 506 928 583 condemnari,sedundepublice(lebetjudicar·i.pahlicc
983 507 1217 580 traGhristjanos
1241 506 1320 579 logos
1343 510 1447 575 suerat,
1460 509 1604 564 exstiterit
1621 510 1812 564 demonstra·

23 648 26 653 .
103 605 131 658 et
142 599 319 674 inpraesenti
333 601 447 672 positus
459 599 545 655 debet
560 603 610 654 aut
624 597 824 663 convinci,aut
837 597 927 651 conli-
981 595 1615 669 tumlaltthorquomodoordinabiliterlieri
1625 597 1813 670 polerit,nisi

103 690 168 747 teri.
182 690 224 745 Ad
239 688 369 745 Nicetam
386 686 600 760 Aquileienscm
622 687 791 759 episcopum
811 684 928 756 scripsit
982 683 1096 755 legibus
1107 685 1245 739 huriianis
1257 687 1292 741 nb
1305 703 1338 740 eo
1348 685 1569 759 inspiratis‚pcr
1580 703 1668 759 quem
1679 686 1816 743 condito*

104 796 230 853 magnos
241 780 383 850 heopapa
393 777 493 833 dicens
505 793 530 830 :«
543 777 574 831 ln
590 775 723 848 presenti
740 775 863 846 positus,
876 777 927 827 aut
982 790 1028 829 res
1039 772 1135 845 legum
1155 775 1232 845 iusta
1243 775 1421 830 diacrrnunt?
1436 775 1517 831 Unde
1533 781 1654 831 sanctus
1673 776 1819 833 Gelasius

103 868 343 934 confutatus,aut
354 871 432 922 certe
446 866 608 931 consessus,
617 865 705 934 justae
721 866 816 934 potest
831 861 928 932 subja·
982 861 1017 915 ad
1028 861 1215 917 Anastasium
1233 863 1437 934 imperatorem
1450 864 1538 935 (epist.
1551 865 1597 931 10)
1608 881 1632 920 e«
1646 864 1687 931 Si,
1702 865 1812 938 inquit,

16 1020 20 1031 ,
102 974 167 1014 cere
182 956 334 1013 sentcntiae
345 972 352 1012 :
365 953 623 1027 quincontrorium
639 957 684 1007 cst
699 952 814 1019 rationi,
825 968 926 1006 eonrm
981 955 1125 1022 quantum
1142 952 1177 1006 ad
1194 952 1325 1007 ordinem
1348 952 1471 1024 publice
1493 953 1618 1024 pertinet
1634 953 1812 1027 discipline,

103 1044 169 1103 illos
191 1059 308 1102 cernere
336 1058 447 1117 plenas,
464 1059 588 1116 quorum
614 1058 673 1096 non
695 1041 793 1096 valent
816 1040 928 1096 nescire
981 1043 1190 1110 cognoscentes
1214 1039 1368 1111 imperium
1384 1039 1437 1095 tibi
1462 1055 1591 1112 superna
1615 1040 1815 1112 dispositione

102 1136 334 1202 musas.»Quom
344 1133 431 1188 etiam
440 1130 573 1187 ordinem
581 1129 735 1202 judicandi
747 1130 929 1185 domonstrat
981 1126 1130 1195 collatum,
1143 1126 1258 1199 legibus
1268 1129 1327 1183 tuis
1341 1128 1397 1200 ipsi
1408 1144 1524 1200 quoquo
1540 1133 1644 1200 parent
1658 1129 1816 1202 religionis

102 1224 253 1298 scripturo
266 1222 375 1287 dliina,
386 1220 551 1277 dicentibus
561 1220 597 1275 de
611 1218 766 1274 criminata
780 1222 928 1274 aecusato-
981 1215 1137 1280 antistites,
1146 1232 1182 1271 ue
1193 1216 1236 1270 vel
1248 1217 1335 1272 rebus
1347 1217 1505 1272 mundonis
1514 1215 1639 1273 exclusa
1652 1218 1816 1276 videantur

103 1314 186 1369 ribus
200 1312 230 1367 in
243 1309 355 1383 judicio
371 1313 531 1380 preparato
549 1324 555 1362 :
572 1307 654 1374 llilte,
669 1305 817 1379 inquiunt,
829 1307 864 1361 od
878 1306 928 1361 Su·
980 1302 1097 1359 obviare
1108 1304 1354 1377 sententie,1pmd
1366 1321 1435 1376 rogo
1446 1310 1474 1359 te
1484 1305 1565 1360 decet
1576 1308 1681 1362 allecto
1691 1309 1735 1363 eis
1744 1309 1811 1365 obe·

102 1412 222 1458 sunnam
246 1398 334 1470 altam
368 1398 491 1453 llclrhie
509 1412 623 1452 aaaron
648 1395 781 1464 loorlrim,
797 1403 822 1450 rt
843 1397 926 1449 inire·
981 1392 1111 1464 dire,qul
1133 1394 1330 1466 prorogandis
1349 1394 1565 1449 venerabilibus
1586 1400 1657 1451 sunt
1673 1398 1810 1454 attributi

102 1494 178 1546 rent
193 1487 225 1544 lit
237 1490 314 1544 venit
334 1504 396 1542 mira
420 1486 579 1558 puri-olibas
594 1494 619 1542 rt
633 1487 700 1557 Aliis
715 1487 795 1556 (livor.
808 1502 868 1548 xur,
879 1483 925 1549 aa,
981 1480 1147 1551 mysteriis?
1159 1503 1169 1528 s
1183 1480 1220 1535 Ut
1235 1480 1303 1536 alibi
1320 1481 1461 1553 scriptum
1479 1488 1523 1538 est
1537 1483 1701 1556 relegentes
1718 1503 1725 1540 τ
1742 1487 1811 1542 lied-

101 1581 158 1649 30).
174 1576 210 1634 ut
229 1579 303 1651 post'
319 1576 422 1631 dotum
448 1573 660 1639 testimonium,
681 1573 928 1629 coorienniarrant
979 1568 1035 1624 dite
1050 1584 1113 1640 qncr
1133 1577 1197 1625 sarit
1216 1572 1336 1626 {terroris
1352 1571 1467 1637 Ceioni,
1483 1579 1584 1644 etque
1596 1581 1662 1629 sarit
1686 1574 1737 1630 Dei
1760 1576 1814 1633 lieo

96 1667 204 1741 judices
233 1680 300 1722 eom
323 1664 358 1720 od
385 1663 603 1732 mortem(ilisl.‚
620 1664 665 1734 lt)
682 1678 688 1717 τ
706 1678 764 1734 qua
791 1660 924 1728 liberata,
981 1659 1089 1729 (Matri.
1105 1675 1173 1725 xxiv,
1189 1660 1245 1730 21),
1261 1659 1366 1714 Caesari
1389 1660 1508 1732 quidem
1528 1677 1699 1728 nummum,
1716 1665 1812 1720 tribu-

100 1754 295 1811 natata-ean
312 1750 464 1819 liberante,
476 1749 568 1822 puniti
580 1753 651 1805 sunt
666 1747 731 1804 l'alsi
742 1751 830 1804 testes
842 1749 927 1818 juxta
981 1750 1055 1811 turn,
1066 1750 1094 1802 ct
1109 1747 1274 1819 pecuniam,
1287 1747 1428 1804 honorem
1442 1749 1584 1816 debitum,
1597 1752 1733 1822 quandiu
1749 1753 1816 1825 ipse

100 1843 179 1918 quod
194 1840 307 1898 malum
329 1840 358 1896 in
384 1838 551 1913 proximum
575 1842 695 1911 egerant
710 1837 766 1892 Sed
781 1840 809 1892 et
823 1837 925 1907 depre·
981 1834 1137 1889 Dominum
1155 1835 1289 1905 hochioc,
1301 1836 1496 1904 honoraverit,
1508 1841 1536 1892 et
1545 1838 1681 1910 vectigal,
1694 1839 1754 1896 Deo
1764 1858 1814 1898 aa*

100 1931 193 1988 ltensa
207 1930 237 1986 in
253 1928 407 1997 adulterio,
419 1927 517 1984 oblata
531 1926 672 2000 corporali
690 1925 855 2000 presentia,
868 1941 926 1980 non
981 1927 1039 1978 tem
1056 1923 1194 1991 decimas,
1207 1923 1362 1996 primitias,
1374 1925 1546 1993 oblationes,
1558 1943 1592 1981 ac
1606 1925 1755 1996 victimas,
1772 1936 1814 1986 aiv

101 2036 153 2093 per
181 2017 309 2076 alienum
337 2015 540 2073 testimonium
559 2015 603 2070 vol
635 2016 823 2087 scripturam,
849 2014 926 2087 quod
981 2029 1038 2085 que
1054 2013 1223 2068 continuam
1241 2012 1588 2086 servitutem:quomodo
1611 2020 1640 2071 et
1664 2017 1730 2089 ipse
1746 2020 1811 2076 red·

100 2105 304 2165 ecclesiastice
323 2109 352 2161 et
373 2104 510 2160 Romane
535 2103 691 2176 prohibent
714 2102 804 2174 leges,
820 2108 864 2158 est
879 2119 925 2158 ac·
980 2101 1055 2157 didit
1068 2102 1180 2158 tributa
1204 2119 1256 2174 pro
1273 2118 1304 2158 se
1318 2106 1347 2158 et
1363 2103 1457 2171 Petro,
1473 2108 1502 2159 et
1520 2103 1578 2159 Dee
1602 2105 1732 2161 reddidit
1745 2122 1811 2180 quc

100 2198 205 2250 casata·
220 2210 226 2248 :
244 2192 331 2264 cujus
352 2191 441 2247 etiam
466 2190 609 2247 confessio
633 2190 834 2258 subinnuitur,
858 2207 925 2246 eum
980 2190 1030 2245 Dei
1060 2194 1139 2258 sunl,
1163 2190 1255 2246 Patris
1283 2190 1393 2246 faciens
1415 2190 1607 2248 volunlatem.
1623 2193 1659 2247 ut
1688 2200 1811 2251 senatos

100 2283 126 2338 ei
156 2297 174 2337 a
199 2278 323 2336 Domino
344 2279 452 2334 dicitur
471 2295 478 2333 ε
500 2280 582 2335 Nono
611 2287 635 2334 tc
661 2279 875 2334 cmdemnaoit?
901 2287 928 2336 el
979 2278 1162 2349 Augustinus
1178 2278 1206 2333 in
1222 2279 1361 2335 Sermone
1385 2283 1467 2334 sexto
1492 2279 1640 2352 Evangelii
1659 2280 1805 2340 loannis:

100 2371 151 2428 illa
172 2390 182 2425 .·
202 2370 294 2432 Nemo,
318 2369 432 2424 Domine
454 2369 542 2436 (loon.
558 2385 621 2433 viu,
640 2370 692 2439 ltl).
718 2367 828 2422 Pilatus
853 2385 926 2440 quo·
982 2390 995 2417 n
1013 2366 1087 2432 Noli,
1103 2367 1209 2439 inquit,
1226 2368 1321 2422 dicore
1337 2368 1406 2439 quid
1427 2367 1499 2423 mihi
1521 2373 1549 2423 et
1567 2369 1739 2442 regi‘lQuid
1754 2371 1835 2428 tibin

99 2476 157 2533 que
183 2460 218 2515 dc
248 2456 380 2523 Domino,
411 2462 552 2529 tanquam
579 2457 691 2511 latrone
714 2458 925 2529 comprehenso
979 2474 1047 2529 ergo
1062 2461 1090 2512 ct
1105 2456 1307 2528 possessioni?
1328 2473 1378 2528 per
1397 2458 1467 2528 jura
1490 2472 1592 2530 regum
1616 2460 1845 2530 possidentur·

99 2551 188 2620 atque
202 2546 303 2620 ligato,
315 2561 366 2617 per
380 2544 539 2610 cohortem,
556 2544 632 2598 sicut
645 2544 829 2616 Augustinus
843 2544 923 2609 llicit,
979 2545 1210 2616 possessiones.»
1221 2545 1268 2600 Sic
1284 2550 1313 2600 et
1327 2562 1378 2617 per
1389 2545 1495 2618 legalia
1505 2547 1630 2617 judicia,
1643 2549 1807 2623 justa-quo·
1818 2578 1845 2598 -

98 2634 228 2709 legitimo
253 2635 355 2691 ordlne
385 2632 540 2706 potestatis
562 2637 686 2698 servato,
711 2636 739 2687 ct
762 2649 814 2704 per
837 2632 924 2687 mini·
980 2633 1059 2687 niam
1075 2632 1250 2700 Christiana,
1263 2634 1446 2690 secularium
1464 2633 1648 2708 negotiorum
1663 2638 1845 2711 animoa--

98 2729 175 2782 atros
190 2723 370 2790 iudeorum,
387 2725 416 2777 et
431 2722 468 2777 ab
487 2722 570 2776 Anna
585 2720 710 2791 Gnipho,
728 2725 814 2792 atque
829 2737 847 2776 a
861 2721 924 2776 Cai-
979 2721 1022 2776 dn
1038 2726 1108 2777 sunt
1123 2722 1309 2794 quaestiones.
1323 2723 1359 2778 tlt
1374 2724 1409 2779 de
1431 2723 1539 2791 libello,
1550 2723 1593 2780 vel
1609 2731 1724 2783 secreta
1738 2742 1845 2784 con·-

98 2812 157 2886 pba
175 2813 207 2869 in
230 2812 399 2885 pretorium
424 2809 480 2865 sibi
505 2808 679 2865 transmisso
704 2810 774 2865 dicit
792 2827 798 2865 :
816 2810 924 2866 Ollali·
979 2810 1116 2878 sessione,
1141 2809 1219 2866 idem
1244 2810 1374 2866 decernit
1398 2812 1464 2881 Leo,
1486 2813 1624 2885 inquiens
1647 2816 1739 2886 (epist.
1750 2817 1845 2886 ittig·

97 2903 148 2958 stis
169 2901 244 2958 milii
266 2901 340 2957 hanc
362 2901 500 2957 honinem
514 2900 589 2967 (tac.
605 2915 685 2967 xxiii,
704 2900 757 2970 ll).
774 2901 925 2971 Quemque
980 2899 1124 2955 universis
1146 2899 1292 2972 episcopis
1315 2917 1367 2972 per
1382 2902 1583 2974 Campaniam,
1599 2895 1845 2973 Samniumseffl

96 2991 222 3047 Audiens
237 3004 302 3047 esso
316 2991 353 3046 de
368 2992 510 3062 potestate
528 2988 660 3054 Herodis,
676 2988 790 3043 remisit
805 3005 872 3044 eum
888 2989 924 3044 ad
979 2988 1128 3054 Picenum,
1145 2988 1270 3044 salutem
1289 3006 1314 3045 :a
1331 2990 1436 3063 Magna
1457 2990 1661 3064 indignatione
1676 3008 1845 3050 commo-

98 3078 175 3137 025
192 3077 287 3147 illum,
299 3079 407 3135 docens
423 3094 476 3135 nos
486 3079 521 3134 de
533 3077 723 3133 secularibus
738 3077 923 3133 secularium
979 3093 1056 3147 veor,
1067 3082 1096 3132 et
1111 3077 1204 3132 multo
1220 3077 1319 3134 dolore
1333 3079 1499 3146 contristor,
1511 3081 1589 3151 quod
1610 3083 1757 3152 quosdam
1772 3096 1845 3139 e!

98 3166 264 3239 Christiana
274 3168 393 3239 etjusta
403 3169 569 3239 exspectare
576 3165 698 3236 judicia,
709 3170 736 3220 ct
748 3170 819 3222 tunc
830 3166 925 3223 liccle-
938 3148 961 3217 Π
980 3165 1061 3221 vobis
1076 3165 1204 3239 comperi
1220 3166 1384 3238 apostolice
1400 3167 1566 3223 traditionis
1575 3168 1696 3235 oblitos,
1707 3175 1737 3227 et
1749 3175 1845 3227 siaa

99 3256 220 3312 mesdeo
237 3254 372 3311 videlicet
393 3253 615 3310 medicinalium
636 3253 817 3325 judiciorum
832 3254 924 3311 mala·
978 3254 1025 3310 dio
1038 3255 1083 3310 sui
1094 3254 1201 3311 erroris
1211 3255 1410 3312 intentosaiit
1423 3260 1489 3328 post
1499 3255 1652 3329 aliquanta
1661 3275 1686 3314 :a
1699 3260 1741 3316 Dc
1751 3276 1845 3334 prm

98 3342 315 3417 gorcia-debere
326 3341 452 3398 infirmis
463 3342 622 3414 imponere,
635 3341 689 3397 hoc
700 3341 777 3396 idem
788 3343 924 3415 Apostolo
979 3344 1103 3399 nitentis
1117 3343 1237 3411 scilicet,
1255 3361 1319 3416 que
1335 3363 1351 3400 a
1366 3345 1502 3401 fidelibus
1522 3347 1700 3417 postulatur,
1712 3365 1752 3406 ne
1771 3349 1845 3406 dul

98 3429 328 3498 demonstrante,
339 3430 458 3503 quando
469 3430 565 3485 adhuc
580 3430 656 3485 inter
666 3429 799 3487 infideles
809 3447 925 3488 conver·
978 3432 1161 3505 singulorum
1174 3437 1360 3505 pcccatorum
1373 3450 1477 3507 genere
1488 3433 1595 3491 libellis
1607 3436 1687 3492 020
1697 3437 1845 3511 scripturi

98 3520 244 3577 satientor
256 3519 368 3576 lldeles.
380 3520 441 3576 lom
454 3519 583 3575 delictam
597 3526 645 3583 cst,
661 3518 768 3590 inquit,
780 3522 853 3576 iritcr
866 3537 923 3590 vos,
978 3521 1120 3594 professio
1148 3521 1322 3594 publicetur,
1339 3538 1406 3577 cum
1433 3525 1532 3578 reatus
1555 3525 1845 3583 conscientiamrm

16 3682 19 3687 Ι
98 3609 344 3683 qniuy'ndlcomini
358 3608 595 3681 apellentraneos,
611 3616 638 3663 et
656 3624 712 3663 noo
726 3609 799 3680 apoll
812 3611 922 3680 [rohes.
978 3610 1107 3666 sufficiat
1122 3610 1192 3666 solis
1208 3611 1410 3666 sacerdotibus
1424 3611 1548 3667 indicari
1563 3613 1845 3672 confessionem

97 3698 350 3771 secutoriaiptnir
359 3697 468 3771 judicio
482 3698 508 3752 si
527 3697 678 3752 licrlarritis
699 3699 772 3753 inter
789 3714 845 3766 vos,
861 3715 922 3755 ccn·
978 3704 1066 3754 creta.
1079 3699 1217 3764 Quamvis
1236 3700 1315 3754 euim
1336 3699 1487 3771 plenitudo
1508 3700 1574 3757 fidoi
1589 3701 1730 3759 videatur
1744 3716 1845 3760 esst!

97 3787 261 3860 teinptihiles
281 3789 409 3860 quisunt
432 3788 461 3841 in
484 3786 605 3840 Ecclesia
619 3788 773 3842 constuitite
795 3787 830 3841 aa
849 3786 925 3859 jadi-
977 3787 1217 3859 laudabilisque
1231 3789 1413 3860 propterDei
1429 3789 1565 3845 timorem
1580 3792 1659 3863 apud
1672 3791 1845 3848 nominee

97 3875 216 3933 candem
230 3876 256 3944 (l
264 3875 325 3932 Cor.
337 3892 376 3942 vr,
389 3876 402 3929 l
415 3879 443 3930 et
454 3875 490 3945 4).
503 3873 585 3930 Unde
596 3873 754 3947 Gregorius
768 3875 797 3929 in
814 3875 924 3948 Regula
977 3875 1147 3930 erubescere
1163 3891 1219 3930 nou
1240 3880 1365 3944 veretur,
1379 3880 1477 3932 tamen
1494 3877 1563 3949 quia
1587 3894 1647 3934 non
1671 3881 1845 3936 omniun!

97 3963 243 4038 pastorali·
255 3979 281 4021 :n
293 3962 329 4020 Ut
343 3962 448 4020 saltem
468 3962 591 4019 terrenis
612 3964 737 4035 negotiis
750 3963 921 4034 inserviant,
978 3963 1172 4034 hujusmundi
1194 3969 1264 4020 sunt
1287 3969 1415 4037 peccata,
1429 3968 1461 4021 ut
1475 3982 1509 4022 ea
1524 3966 1575 4037 qui
1600 3967 1845 4038 poeniientlsrn

96 4070 172 4128 qnos
187 4053 264 4111 donn
276 4051 420 4126 spiritalia
434 4069 491 4108 non
508 4057 678 4107 exornant.»
690 4053 725 4107 Et
739 4054 923 4125 Augustinus
976 4056 1104 4125 poscunt
1117 4070 1173 4109 non
1189 4053 1313 4109 timeant
1327 4054 1487 4126 publicare,
1499 4060 1687 4113 removeatur
1701 4058 1845 4131 impos

95 4142 126 4200 in
142 4141 315 4199 llnchiridio‘
326 4159 351 4198 :a
368 4142 442 4198 Cum
458 4141 518 4197 sint
533 4140 604 4196 talia
615 4140 729 4211 judicia
744 4141 805 4197 ficri
823 4158 922 4198 ncces·
977 4141 1083 4198 babilis
1094 4144 1285 4208 consuetudo,
1296 4159 1331 4198 uc
1346 4143 1431 4199 multi
1443 4144 1652 4216 apoenitentie
1668 4140 1845 4203 remediifi

96 4230 185 4300 seila,
199 4230 376 4298 nonvetari,
392 4231 443 4286 sed
460 4230 537 4302 apud
558 4230 659 4286 fideles
678 4231 783 4286 debore
794 4230 921 4302 judicari
977 4228 1845 4301 arceantur,dumauterubescunt,autmetuuutiaimicii

95 4318 717 4391 dernenstrat.»lllAmbrosius:«Quiacrgo
728 4318 921 4391 suntinquit,
976 4319 1040 4375 suis
1054 4335 1108 4374 sua
1124 4320 1199 4375 locta
1213 4320 1346 4387 reserari,
1362 4321 1470 4393 quibus
1486 4321 1601 4392 possint
1615 4320 1722 4396 legum
1739 4341 1793 4382 oea
1817 4334 1845 4375 ι

94 4409 242 4482 sopientes
258 4410 372 4476 fratres,
390 4407 480 4480 aliqui
504 4406 609 4463 horum
630 4406 777 4479 eligantur
790 4409 827 4462 ad
839 4407 922 4478 Judi-
976 4408 1127 4463 stitutione
1144 4409 1272 4480 percelli.
1283 4409 1398 4466 Sollicit
1410 4411 1488 4466 enim
1508 4408 1558 4466 illa
1573 4412 1737 4482 consessio,
1746 4422 1845 4487 qu.

95 4496 788 4569 candum,quorumjudioiumvereturmundus.
799 4495 923 4568 Magnus
937 4516 961 4584 p
976 4496 1104 4567 primum
1120 4497 1178 4553 Deo
1192 4499 1323 4566 offertur,
1335 4503 1405 4555 tunc
1420 4498 1509 4555 etiam
1525 4499 1749 4574 sacerdototii
1759 4508 1845 4575 prr

94 4584 173 4642 cuim
189 4584 284 4657 pudor
298 4589 352 4653 est,
364 4585 388 4640 si
405 4585 480 4640 inter
493 4585 604 4657 eosqui
617 4584 856 4640 dicunturDrum
873 4602 923 4641 co·
978 4584 1092 4640 delictis
1106 4587 1312 4658 poenitentium
1335 4591 1467 4659 precator
1482 4587 1609 4643 accedat.
1627 4588 1716 4645 'l'uno
1732 4590 1845 4647 enisfl

95 4673 241 4748 gnevisse,
257 4689 315 4728 uon
331 4673 479 4729 invenitur
493 4674 543 4746 qui
559 4673 725 4729 exantinarc
741 4675 834 4746 possit
845 4675 923 4745 judi·
976 4673 1075 4746 plures
1086 4676 1122 4729 ad
1133 4675 1334 4747 poenitentiam
1347 4680 1485 4748 poterunt
1495 4676 1659 4747 provocari,
1669 4667 1845 4752 sipopofl

94 4760 184 4818 eiam.
201 4761 352 4829 Quomodo
374 4759 453 4817 onim
478 4760 625 4816 homicida
649 4760 793 4833 peniteas
820 4779 921 4834 pacem
977 4763 1098 4819 auribus
1123 4781 1180 4819 non
1205 4764 1371 4836 publicetur
1394 4764 1573 4821 conscientia
1597 4766 1812 4826 confitentis:

94 4854 191 4907 sumet
206 4847 351 4915 Ecclesiae,
364 4853 521 4921 autequam
538 4866 604 4904 oum
622 4848 806 4922 litigantibus
821 4851 920 4923 pocifi·
978 4851 1048 4906 lline
1063 4852 1203 4926 colligant
1217 4854 1335 4924 quique,
1348 4854 1372 4909 si
1396 4870 1522 4909 canones
1538 4853 1614 4909 saori
1633 4855 1750 4926 jubent
1765 4844 1845 4915 aas*

93 4938 199 4996 cetur?
212 4938 363 5003 Quomodo
378 4936 591 5009 indulgentiam
613 4938 744 5010 accipere
758 4939 864 5011 poterit
877 4939 920 4994 di·
976 4942 1193 4996 communicare
1201 4942 1383 5015 episcopum,
1393 4944 1594 5015 quandiuuou
1606 4948 1845 5005 communica

93 5042 184 5095 soors,
194 5031 353 5098 antequam
365 5025 516 5081 charitatis
527 5025 640 5098 glutino
653 5027 789 5082 uniatur?
799 5029 922 5093 Quomo·
975 5030 1048 5085 verit
1059 5028 1208 5102 illi.quem
1225 5031 1280 5086 sibi
1293 5031 1364 5087 dicit
1375 5033 1485 5087 crimen
1501 5037 1613 5088 secrete
1629 5034 1729 5092 fuisse
1743 5053 1799 5094 con
1823 5055 1845 5070 ⁴

93 5117 130 5174 do
142 5130 232 5190 rapax
242 5115 349 5189 dignos
359 5114 536 5188 poeniteutiae
551 5114 664 5170 tructus
675 5119 752 5189 aget,
762 5120 920 5188 antequam
976 5118 1097 5185 lessam,
1111 5124 1210 5174 utrum
1222 5120 1327 5176 debeat
1339 5125 1390 5176 aut
1405 5121 1511 5178 audeat
1526 5120 1639 5193 aliquis
1647 5123 1687 5180 de
1697 5128 1845 5183 secrell

88 5207 174 5279 j'unta
195 5206 285 5263 David
311 5204 511 5277 judicium,et
537 5204 648 5259 Zachaei
676 5202 853 5277 exemplum,
870 5210 921 5262 aut
975 5208 1453 5281 contessioue,siveperlibellum
1470 5211 1845 5284 siveperverbumcro·

91 5297 286 5364 emendando,
300 5298 351 5350 aut
366 5292 585 5362 satisfaciendo,
597 5292 772 5366 placationis
793 5292 919 5350 hostiam
976 5295 1047 5363 dita,
1062 5311 1267 5368 quemcunque
1278 5297 1401 5370 publice
1414 5299 1591 5372 penitentie
1606 5298 1732 5373 Ιθςίὴυε
1746 5303 1845 5359 snlr

91 5383 253 5456 elleratqai
270 5383 381 5456 rapinis
391 5381 548 5439 crudeliter
563 5381 729 5437 insudavit?
739 5381 789 5436 Vel
801 5399 921 5455 quomo·
975 5383 1171 5455 dere‚quanto
1182 5385 1460 5460 minasconjugium
1476 5386 1609 5461 legaliter
1622 5387 1738 5446 initum
1748 5393 1834 5448 siue

92 5469 459 5546 desolastarconjugium,
472 5471 528 5527 nisi
544 5470 770 5527 decernentibus
780 5471 918 5528 christia·
974 5476 1054 5528 certa
1068 5477 1098 5527 et
1117 5473 1274 5550 manifesta
1297 5476 1409 5532 ratione
1433 5476 1592 5533 dissolvere
1606 5491 1705 5534 soum
1731 5481 1822 5537 idem

91 5558 138 5621 uis
153 5558 279 5637 bobus,
288 5561 397 5639 quilius
411 5562 506 5619 luerat
528 5562 646 5619 aurare
660 5558 785 5617 Domino
799 5559 918 5635 copula·
974 5561 1030 5620 Leo
1046 5561 1082 5620 ad
1097 5576 1200 5620 omnes
1214 5564 1366 5643 episcopos
1390 5581 1443 5642 per
1457 5566 1609 5626 universas
1637 5567 1815 5643 peractas
