3810 6098
149 290 208 373 343
613 306 807 369 lllNCMARI
829 307 1052 368 DHDMDNSIS
1076 307 1385 370 ADCllIEPlSCOPl.
1796 313 1862 374 stt

149 442 309 502 ctccdusut
323 457 427 507 cervas,
442 439 555 498 ctctoro
569 440 622 497 orit
641 440 736 513 lirrpca
757 448 896 497 malornm
911 440 973 512 (loe.
989 439 1017 508 Α
1032 441 1145 498 stantiae
1172 441 1318 514 passione,
1345 441 1395 497 secl
1421 439 1508 497 otiam
1533 441 1624 498 totius
1648 443 1752 500 mundi
1777 461 1862 502 com·

148 551 232 605 xxxv,
243 534 271 600 5,
283 535 321 602 d),
334 531 429 587 sciens
438 528 524 587 Jesus
535 530 705 602 adesscjam
715 535 831 603 tempus
842 530 973 604 gloriosa
1029 533 1157 588 motione
1168 536 1362 588 monstratum
1376 537 1429 588 est.
1439 532 1584 589 Pendentc
1595 532 1672 588 cuim
1684 532 1713 589 in
1725 535 1863 606 patihulo

148 621 295 698 passionis
313 619 470 694 implendas
487 638 493 675 :
513 621 606 676 Tristis
622 627 660 676 est
674 621 767 676 animo
781 637 850 687 meo,
867 621 974 693 inquit,
1029 621 1172 691 Creatoro,
1190 623 1326 678 universo
1349 626 1484 678 creatura
1512 624 1690 695 congemuit,
1708 629 1737 679 ct
1761 625 1863 682 erucis

148 727 234 785 cepoe
251 711 286 767 cd
304 717 419 766 mortem
438 709 700 782 (turretaxxvnser
713 714 741 765 et
752 711 871 766 iterum:
882 713 972 778 Pater,
1029 712 1126 768 claros
1153 712 1252 768 oninia
1276 711 1365 768 sintul
1381 711 1526 767 elonronto
1540 718 1706 769 senserunt.
1723 714 1804 770 Nihil
1822 716 1860 772 ab

147 803 174 858 si
195 802 259 874 fieri
280 806 375 874 potest,
401 805 521 855 transeat
541 816 558 855 c
580 816 623 855 mc
647 801 721 855 cutte
743 803 792 856 iste
806 799 895 867 (root,
916 801 973 869 39).
1028 800 1078 856 illo
1101 800 1244 874 supplicio
1264 801 1388 856 liberum
1406 801 1481 857 fuit:
1499 801 1598 857 hocin
1615 804 1860 861 communionem

149 888 261 958 Quibus
275 888 544 960 vorbis,quamdam
556 888 741 945 formidinem
758 890 973 961 profitentibus,
1030 891 1074 946 sni
1091 896 1120 945 ct
1135 896 1242 946 terram
1267 890 1353 946 traxit
1368 896 1397 946 et
1413 890 1518 946 emtum
1536 908 1543 946 ε
1561 891 1615 947 hoo
1639 896 1738 964 petras
1766 893 1858 965 rupit,

149 982 255 1035 nostrae
268 976 449 1033 infirmitatis
460 976 582 1032 atloctus
597 976 797 1049 participando
809 978 940 1049 curabat,
947 982 976 1033 ct
1030 984 1221 1036 monumento
1236 980 1381 1052 patefecit,
1398 979 1511 1035 interno
1540 982 1690 1047 reseravit,
1707 986 1736 1037 ct
1751 983 1859 1038 densa·

150 1067 275 1142 poenalis
288 1066 470 1140 experientiae
486 1070 596 1121 metum
621 1065 924 1138 subeundopcllehot.
943 1069 975 1123 ln
1030 1085 1094 1124 rum
1120 1069 1239 1124 horrore
1269 1069 1453 1124 tenebrarum
1485 1068 1582 1125 radios
1602 1067 1673 1126 solis
1689 1071 1858 1127 obseomlit.

152 1158 237 1215 nohis
253 1175 321 1231 orgo
345 1156 488 1211 Dominus
513 1160 614 1211 nostro
636 1173 741 1228 pavore
757 1157 931 1228 trepidabat,
947 1160 976 1212 et
1030 1157 1430 1214 Dobehnthoctestimoninm
1442 1160 1814 1226 suomnndusauetorimt
1828 1160 1859 1217 in

151 1246 337 1320 susceptione
353 1263 383 1302 so
399 1249 503 1301 nostra
519 1243 700 1300 infirmitatis
713 1244 858 1313 induerat,
877 1251 908 1300 ut
923 1263 974 1302 no·
1030 1265 1134 1304 occasu
1146 1247 1311 1303 Conditoris
1324 1248 1368 1303 sui
1380 1247 1632 1304 vellontunivorsa
1643 1248 1791 1306 finiriScd
1806 1267 1858 1322 pa·

152 1333 974 1394 straminconstnntinmsuevirtutissoliditatevestiret.»
1030 1336 1191 1393 tientiaDci
1208 1340 1303 1393 serrat
1316 1338 1404 1393 rohus
1421 1342 1507 1409 ntquc
1523 1338 1705 1409 temporibus
1721 1338 1858 1394 ordinem

152 1425 223 1482 ltcm
237 1424 266 1479 in
278 1423 400 1479 homilia
413 1423 449 1479 de
463 1421 600 1495 passione
615 1423 730 1479 Domini
747 1424 829 1495 (hom.
843 1443 878 1490 iv,
891 1442 912 1480 c.
929 1427 973 1491 tl:
1031 1441 1129 1490 sunm,
1147 1441 1258 1496 nosque
1275 1424 1303 1478 in
1321 1423 1402 1479 illum
1416 1423 1514 1496 potius
1540 1424 1643 1480 invitat
1657 1425 1808 1493 allectum,
1826 1431 1860 1482 ut

152 1538 165 1564 a
179 1512 305 1570 Peractis
315 1511 414 1584 itaquo
425 1511 573 1581 omnibus,
584 1530 647 1586 quae
659 1512 796 1570 divinitas
808 1515 867 1570 lieri
879 1513 976 1571 carnis
1030 1530 1131 1571 eorum
1143 1513 1269 1570 salutem
1281 1519 1555 1586 petanrus,quorum
1568 1513 1677 1569 crimen
1689 1515 1859 1571 horremus.

149 1602 293 1661 velamine
305 1606 466 1675 temperato
476 1602 620 1674 permisit,
631 1604 718 1660 lesus
734 1603 824 1660 Filius
835 1604 884 1660 Dei
897 1604 976 1660 cruci
1031 1604 1125 1658 Tanto
1145 1602 1235 1676 igitur
1246 1602 1348 1675 pretio,
1360 1607 1501 1674 tantoque
1516 1607 1712 1672 sacramento,
1730 1603 1807 1659 eruti
1824 1605 1861 1660 de

151 1690 656 1765 qnometiamipsegestorataffixus
667 1694 844 1764 cst.,duol›us
857 1693 975 1749 latroni·
1031 1696 1173 1764 potestate
1189 1692 1386 1760 tenebrarum,
1403 1697 1431 1746 et
1459 1692 1495 1746 ab
1522 1692 1649 1765 antiquae
1679 1693 1860 1765 captivitatis

150 1781 978 1854 husunoaddexteramipsius,alioadsinistramsimilitcr
992 1819 1015 1884 B
1031 1781 1156 1838 vinculis
1183 1780 1320 1837 absoluti.
1338 1803 1352 1831 »
1369 1781 1403 1836 Et
1416 1781 1446 1836 in
1462 1782 1563 1837 octava
1578 1781 1700 1837 homilia
1718 1783 1788 1854 (cop.
1807 1783 1833 1855 1)
1850 1800 1858 1838 ε

151 1870 550 1944 crucifixis,utctiaminipsa
560 1871 682 1943 patibuli
694 1873 789 1945 specio
800 1878 976 1929 monstrare·
1031 1894 1045 1920 α
1063 1870 1194 1926 Saevienti
1218 1870 1333 1926 diaholo
1358 1887 1409 1943 per
1435 1869 1597 1926 ministeria
1611 1871 1783 1927 ludaeorum
1800 1872 1859 1927 for·

150 1958 717 2034 turillaquaeinjudieicipsiusomnium
727 1961 977 2018 hominumestta-
1031 1979 1109 2017 mam
1121 1961 1193 2016 serri
1207 1959 1279 2015 nihil
1291 1960 1400 2032 pcccati
1411 1959 1547 2015 habentis
1558 1960 1675 2031 objecit,
1684 1965 1716 2015 ut
1726 1978 1779 2032 per
1790 1977 1859 2018 eum

151 2043 410 2116 ciendadiscretio,
427 2065 494 2105 eum
504 2054 534 2105 et
544 2047 752 2106 salvandorum
764 2051 888 2124 figuram
904 2052 976 2109 fides
1031 2055 1167 2123 ageretur
1181 2050 1313 2106 omnium
1334 2065 1434 2120 eausa,
1450 2049 1479 2104 in
1496 2066 1553 2122 quo
1569 2049 1631 2105 solo
1645 2055 1708 2105 erat
1723 2050 1872 2106 omnium-

152 2137 298 2196 credentis
306 2137 428 2194 latronis
438 2138 622 2211 exprimeret,
635 2143 663 2195 et
673 2141 907 2196 damnandorum
919 2142 975 2196 lor·
1031 2143 1136 2195 natura
1150 2138 1212 2195 siue
1228 2139 1324 2212 culpo.
1341 2140 1493 2195 irruerunt
1508 2155 1576 2212 crgo
1592 2138 1621 2194 iu
1637 2139 1737 2195 lumen
1753 2155 1858 2195 verum

152 2225 975 2301 mamblesphemantisimpietaspraemonstruret.Passio
1030 2226 1083 2282 filii
1099 2228 1296 2295 tenebrarum,
1313 2232 1341 2283 et
1356 2231 1472 2284 utentes
1501 2228 1605 2283 iaculis
1621 2233 1708 2300 atque
1723 2228 1860 2298 laternis,

152 2313 977 2388 igiturChristisalutisnostraecontinctsaoramcntunr,et
1031 2335 1088 2372 non
1104 2324 1258 2373 evaserunt
1284 2316 1466 2373 infidelitatis
1491 2335 1550 2373 suae
1572 2321 1697 2384 noctem,
1714 2319 1859 2390 quianon

99 2472 102 2479 ¹
151 2402 472 2476 deinstrumentoquod
483 2404 626 2477 iniquitas
636 2405 651 2461 J
656 2406 803 2462 udaeorunr
816 2408 928 2481 pararit
938 2409 974 2464 ad
1030 2405 1236 2462 intellexerunt
1246 2405 1320 2461 lucis
1330 2410 1491 2463 auctorem.
1504 2407 1710 2479 Praeoccupant
1722 2413 1859 2479 paratum

151 2491 413 2566 poenam,potentia
428 2494 630 2567 Redemptoris
645 2496 769 2567 gradum
785 2496 853 2552 lecit
865 2499 902 2553 ad
918 2496 977 2571 glo·
1029 2495 1132 2563 tenori,
1145 2500 1173 2550 et
1187 2495 1307 2551 trahunt
1328 2496 1471 2552 volentem
1492 2495 1650 2569 trahi1qui
1667 2497 1691 2552 si
1703 2496 1791 2553 vellet
1806 2498 1861 2554 ob-

151 2581 226 2645 riam
243 2598 250 2638 ι
267 2598 358 2655 quam
374 2581 518 2640 Dominus
532 2585 618 2642 Jesus
634 2585 675 2641 ita
690 2586 725 2641 ad
741 2587 978 2643 omniumhomi·
1030 2583 1094 2649 niti,
1112 2583 1184 2639 nihil
1201 2585 1319 2656 quidem
1336 2584 1366 2641 in
1383 2584 1523 2657 injuriam
1540 2587 1604 2657 ejus
1628 2585 1724 2659 impiae
1749 2604 1859 2645 manus

152 2688 224 2728 num
240 2674 372 2749 suscepit
384 2675 521 2744 salutem,
534 2681 567 2733 ut
576 2677 652 2734 inter
662 2677 758 2734 claros
774 2667 881 2751 quibus
896 2678 975 2752 liguo
1029 2678 1159 2746 possent,
1172 2676 1220 2730 scd
1234 2674 1336 2729 mundi
1349 2674 1510 2747 redemptio
1521 2675 1729 2744 tardaretur,et
1740 2676 1858 2734 nullum

151 2761 306 2831 tenebatur
322 2764 439 2832 allisus,
452 2783 505 2840 pro
520 2765 755 2823 interlectoribus
771 2767 833 2824 suis
849 2771 976 2841 paternae
1030 2762 1154 2819 salvaret
1165 2763 1285 2831 illasus,
1301 2764 1349 2836 qui
1364 2781 1415 2836 pro
1428 2764 1560 2820 omnium
1577 2769 1638 2820 erat
1653 2764 1748 2820 salute
1765 2768 1858 2823 mori-

151 2849 311 2909 clementiae
322 2853 500 2927 supplicaret
509 2860 538 2912 et
548 2855 656 2912 diecret
668 2858 778 2929 :roton
790 2859 897 2930 ipnosre
907 2858 975 2925 illis,
1029 2856 1124 2908 turus.
1144 2876 1157 2902 υ
1172 2854 1208 2909 ct
1223 2853 1292 2911 item
1308 2857 1378 2926 (cop.
1395 2854 1423 2923 5)
1440 2871 1447 2908 :
1481 2877 1491 2903 n
1510 2854 1614 2910 Poscit-o
1636 2871 1698 2926 erpo
1720 2864 1857 2923 aestuem,

152 2943 219 3023 quic
236 2945 363 3001 nescient
381 2945 446 3017 qaid
460 2945 811 3018 sccicnt(tcc.xxr1r,3l).
829 2946 977 3019 Principes
1030 2941 1108 2998 sicut
1136 2941 1177 2998 ait
1204 2943 1370 3015 Apostolus,
1388 2943 1544 2998 immolatio
1559 2951 1598 2999 est
1613 2944 1736 3000 Christus
1751 2945 1777 3014 (l
1791 2947 1856 3002 Cor.

152 3033 785 3109 autemsecerdotum,quibusindulgcntiam
795 3037 977 3108 Salvatorpe·
1030 3049 1057 3099 v,
1070 3032 1108 3103 'tlt
1121 3031 1170 3104 qui
1184 3049 1214 3087 sc
1226 3048 1332 3087 norum
1343 3036 1372 3088 ct
1386 3049 1488 3089 verum
1505 3032 1749 3089 reconciliationis
1766 3035 1859 3091 sacri-

150 3122 242 3193 tebat‚
254 3121 433 3196 supplicium
447 3123 543 3181 crucis
555 3123 725 3180 irrisionum
737 3123 975 3198 aculeis'aspera-
1031 3121 1130 3178 ficium
1148 3122 1272 3177 atterens
1285 3122 1373 3188 Patri,
1385 3139 1443 3177 non
1455 3121 1485 3177 in
1497 3121 1606 3194 templo
1618 3124 1703 3194 cujus
1715 3124 1780 3195 jam
1795 3127 1859 3180 crat

151 3210 233 3279 bant,
249 3213 415 3283 etinquem
426 3211 563 3269 manibus
581 3212 708 3286 amplius
719 3212 819 3270 sarire
830 3231 887 3270 non
900 3192 1012 3286 poto-G
1031 3211 1115 3267 linita
1131 3210 1301 3277 reverentia,
1319 3228 1370 3268 nec
1386 3211 1463 3267 intra
1477 3216 1559 3284 septa
1575 3212 1700 3268 ciuitatis
1716 3213 1752 3268 ob
1770 3215 1858 3269 meri·

151 3298 399 3373 rant‚linguarum
414 3299 472 3357 tela
477 3299 627 3373 jaciebant
637 3301 768 3359 dicentes
780 3319 786 3358 ε
799 3305 872 3359 Alios
887 3305 976 3360 salvos

149 3389 224 3462 fecit,
239 3390 359 3462 seipsam
373 3390 481 3446 aelirum
493 3392 584 3463 socero
594 3407 650 3448 noo
663 3399 758 3463 potest.
774 3391 806 3448 Si
825 3392 976 3449 reclamet

149 3486 199 3546 est,
214 3477 358 3536 descendet
371 3479 404 3536 de
418 3496 506 3548 crece,
523 3489 549 3537 et
568 3480 703 3537 credimur
727 3497 753 3537 ez
768 3480 871 3551 (diuma
888 3500 974 3550 rxru,

150 3567 206 3640 ta).
224 3589 238 3617 n
253 3567 327 3624 Item
342 3567 373 3624 in
389 3567 492 3641 quinta
517 3568 639 3626 homilia
652 3570 688 3626 de
703 3571 839 3643 passione
859 3570 975 3627 Domini

150 3659 222 3729 (cop.
238 3658 266 3725 3)
282 3673 288 3711 :
306 3679 319 3706 «
337 3656 369 3712 ln
385 3654 523 3712 omnibus
547 3658 736 3729 cutemque
759 3656 801 3712 illi
826 3657 975 3730 popularis

150 3762 184 3803 ac
199 3744 389 3819 sacerdotalis
412 3744 528 3801 insania
543 3746 753 3802 contumelioso
768 3764 800 3803 ae
816 3746 976 3819 procaciter

151 3834 307 3910 inscrebat,
323 3836 428 3890 nostrae
452 3833 639 3891 diluebantur
658 3836 789 3904 macule,
807 3840 911 3892 nostrae
927 3853 974 3892 ex·

150 3922 308 3997 piabantur
322 3923 457 3992 otlensae;
475 3922 544 3995 quia
569 3928 682 3993 natura,
699 3942 762 3997 qnae
782 3925 811 3980 in
828 3923 912 3982 nobis
927 3942 976 3982 ren

144 4027 268 4085 ‚semper
278 4011 373 4068 iuerat
388 4016 475 4086 atquo
490 4013 614 4086 captiva,
631 4012 721 4070 inille
738 4014 877 4071 innocens
887 4015 976 4087 patic

138 4100 238 4169 ,batur
247 4099 395 4158 etlibero:
409 4105 441 4157 ut
452 4102 488 4158 ad
500 4102 692 4158 auferendum
704 4107 855 4176 peceatum
872 4102 975 4159 mundi

151 4187 201 4246 ille
210 4188 336 4246 hostiam
349 4207 379 4246 se
387 4207 482 4263 agnus
493 4191 616 4259 offerret,
629 4208 715 4264 quem
726 4195 754 4248 et
764 4191 901 4248 omnibns
912 4210 974 4248 cor·

150 4277 259 4352 perulis
271 4278 436 4336 substantia
444 4279 591 4354 jungeret,
599 4284 628 4336 ct
638 4281 675 4336 alr
686 4281 823 4338 omnihus
834 4279 976 4353 spiritalis

150 4368 232 4442 origo
243 4368 430 4425 discerneret.
444 4370 540 4425 »Item
560 4368 591 4425 in
607 4373 688 4426 sextu
699 4369 821 4425 homilia
835 4373 904 4443 (rep.
923 4370 948 4442 1)
966 4387 972 4426 :

150 4452 318 4514 ludaeorum
331 4458 409 4514 enim
427 4458 540 4515 caecitas
556 4457 628 4514 nihil
644 4459 781 4526 obtinuit,
799 4458 855 4516 nisi
872 4463 905 4515 ut
920 4477 975 4515 sua

1030 3304 1094 3355 tum
1119 3299 1164 3355 sui
1189 3300 1307 3356 sceleris
1334 3301 1491 3367 diruenda,
1510 3301 1559 3357 scd
1577 3300 1646 3357 loris
1662 3305 1743 3357 extra
1759 3307 1859 3359 castro

1030 3387 1186 3445 crucifixus
1202 3392 1247 3445 ost
1262 3406 1269 3444 ε
1285 3393 1328 3457 ut,
1344 3394 1476 3446 vetorum
1505 3390 1693 3445 victimarum
1723 3395 1859 3447 cessante

1031 3477 1180 3551 mysterio,
1198 3494 1272 3534 nora
1295 3477 1392 3534 hostia
1412 3495 1484 3535 novo
1498 3478 1700 3551 imponeretur
1714 3478 1812 3551 altari,
1829 3486 1859 3536 et

1030 3583 1100 3622 crux
1114 3565 1220 3623 Christi
1237 3584 1293 3622 non
1312 3566 1412 3639 templi
1431 3572 1509 3623 essct
1527 3585 1589 3635 ara,
1600 3568 1650 3624 sed
1663 3569 1779 3624 mundi.
1792 3592 1806 3620 n
1824 3570 1859 3626 lit

1030 3655 1100 3712 item
1117 3656 1146 3710 in
1162 3656 1263 3712 cedem
1279 3672 1285 3712 :
1304 3679 1318 3706 a
1331 3656 1467 3728 Traxisti,
1484 3656 1616 3725 Domino,
1633 3658 1732 3713 omnia
1762 3659 1799 3714 ad
1817 3662 1867 3725 te,-

1030 3751 1062 3801 ut
1072 3747 1149 3818 (prod
1161 3745 1190 3801 in
1202 3764 1259 3801 rino
1272 3747 1287 3801 J
1291 3747 1378 3802 udum
1391 3732 1499 3819 templo
1510 3747 1693 3804 obumbratis
1710 3747 1857 3819 signifiea-

1029 3834 1160 3892 tionihus
1171 3840 1315 3908 ageretur,
1328 3835 1412 3908 pleno
1424 3840 1582 3909 apertoque
1593 3841 1778 3892 sacramento
1790 3837 1856 3891 uni-

1028 3923 1453 3997 versarumnhiquenationum
1464 3924 1577 3980 devotio
1589 3924 1758 3981 celebraret.
1770 3926 1854 3981 Nunc

1029 4013 1117 4081 enim,
1126 4012 1287 4069 carnalium
1300 4012 1548 4087 significationum
1559 4013 1698 4070 varietate
1708 4018 1853 4083 cessante,

1029 4119 1132 4159 omnes
1148 4101 1327 4159 differentias
1342 4103 1506 4159 hostiarum
1523 4120 1582 4159 una
1596 4103 1725 4176 corporis
1742 4108 1771 4159 ct
1787 4121 1854 4165 sanz

1028 4192 1126 4264 guinis
1134 4192 1176 4248 tui
1187 4192 1289 4264 implet
1298 4191 1407 4248 oblatio
1415 4208 1422 4246 :
1430 4192 1568 4264 quoniam
1580 4197 1610 4247 tu
1620 4209 1652 4248 es
1660 4208 1748 4248 verus
1760 4208 1855 4265 agnus

1029 4280 1078 4353 qui
1090 4280 1169 4336 tollis
1181 4286 1331 4353 peccatum
1347 4280 1462 4348 mnndi,
1475 4281 1556 4338 etita
1570 4280 1685 4353 perticis
1701 4280 1731 4335 in
1749 4285 1777 4337 te
1794 4281 1856 4336 uni·

1028 4387 1111 4426 versa
1122 4371 1270 4442 mysteria,
1282 4375 1315 4425 ut
1326 4369 1402 4426 sicut
1415 4387 1508 4425 unum
1526 4376 1571 4426 cst
1581 4387 1632 4444 pro
1644 4369 1724 4427 omni
1735 4369 1855 4426 victima

1029 4458 1207 4514 sacrificium
1226 4475 1232 4513 :
1251 4458 1290 4513 ita
1306 4476 1399 4514 unum
1417 4459 1451 4514 de
1466 4458 1547 4514 omni
1560 4462 1646 4532 gente
1662 4458 1701 4514 sit
1717 4476 1852 4532 regnum.

150 4545 299 4622 impietate
315 4564 346 4603 sc
360 4548 513 4620 perderet:
532 4547 637 4605 Christi
665 4566 732 4605 roro
756 4547 898 4621 patientia
919 4547 973 4605 hoe
988 4547 1226 4627 pConfiteamur
1253 4548 1352 4621 igitur,
1383 4546 1578 4616 dilectissimi,
1604 4548 1681 4621 quod
1714 4548 1855 4622 magister

149 4635 218 4708 egit,
231 4639 263 4692 ut
277 4652 380 4692 omncs
396 4654 450 4692 sua
468 4635 604 4709 passione
626 4636 759 4693 salvaret.
777 4660 791 4689 n
808 4638 844 4694 Et
857 4637 927 4693 item
944 4637 972 4693 in

149 4725 252 4781 ecdem
272 4727 342 4796 (cap.
364 4724 412 4797 l):
432 4746 442 4776 ι
462 4724 614 4782 Seditiosis
629 4725 720 4798 igitur
732 4724 910 4783 clamoribus
925 4726 974 4782 Ju-

150 4814 280 4870 dcorum
291 4814 410 4870 cedente
426 4812 526 4881 Pilato,
537 4813 567 4869 in
579 4814 642 4871 loco
653 4815 698 4869 cni
713 4831 818 4871 nomen
829 4815 973 4888 Golgotha

150 4900 331 4975 crucitlgitur
346 4901 498 4958 Christus:
515 4918 566 4974 per
587 4902 701 4977 lignum
725 4903 848 4976 erigitur
871 4903 972 4977 lapsus

95 5005 99 5009 ’
149 4991 179 5048 in
208 4991 298 5066 ligno,
316 4996 345 5048 et
373 4995 462 5064 gustu
492 4990 568 5049 tellis
597 4997 626 5048 ct
654 4992 726 5049 aceti
756 4991 879 5049 diluitur
905 5011 973 5051 esea

149 5080 270 5157 peccati.
288 5081 390 5137 Merito
401 5080 574 5153 priusquam
592 5083 757 5138 traderetur
767 5082 880 5140 dixerat
895 5085 971 5140 27⁰

148 5170 315 5229 Dominus:
347 5170 414 5226 Cum
448 5171 583 5227 ecottotns
616 5173 695 5243 [uero
722 5189 739 5227 a
768 5179 851 5242 terro,
879 5175 973 5229 onznia

148 5261 256 5318 trahem
269 5260 305 5316 ud
318 5277 362 5317 ene
375 5260 468 5332 (loon.
486 5277 535 5327 x11,
551 5261 607 5332 32),
624 5261 652 5316 id
673 5264 727 5333 cst,
743 5266 834 5317 totam
852 5279 971 5318 eausam

148 5349 270 5406 humani
282 5351 397 5423 perieris
409 5355 535 5421 agninae
545 5349 615 5404 olim
627 5351 769 5422 perditam
783 5352 812 5405 iu
826 5351 970 5424 integrum

149 5441 287 5495 revocabo
298 5443 445 5507 naturam,
457 5439 486 5494 in
498 5455 544 5495 me
558 5439 654 5496 omnis
675 5438 831 5496 infirmitas
843 5439 971 5496 abolebi-

148 5532 206 5594 tur,
218 5527 248 5583 in
260 5546 307 5585 me
318 5529 414 5585 omnis
425 5528 511 5604 plaga
520 5529 682 5586 sanabitur.
698 5529 861 5585 Exultatnm
872 5535 970 5586 autem

148 5615 249 5671 desum
259 5616 382 5673 traxisse
392 5618 429 5673 ad
440 5634 470 5674 se
481 5619 588 5688 omnia,
602 5635 659 5674 non
672 5616 768 5676 solum
779 5623 883 5676 nostrae
899 5619 971 5677 suh-

1028 4636 1158 4711 gcntium
1172 4635 1279 4692 Paulus
1289 4635 1415 4709 gloriosa
1425 4653 1492 4692 voce
1504 4637 1657 4693 consessus
1667 4641 1712 4692 est
1727 4637 1830 4692 diceus
1845 4653 1851 4691 :

1026 4725 1127 4782 Fidelis
1143 4742 1229 4782 sermo
1239 4733 1265 4783 et
1274 4727 1349 4782 enini
1362 4727 1514 4798 arreptione
1528 4725 1638 4798 dion-oo,
1648 4729 1714 4798 qnia
1729 4726 1853 4782 Christus

1026 4817 1102 4873 lesco
1117 4818 1191 4872 venit
1203 4817 1233 4870 in
1245 4815 1318 4871 hunc
1332 4814 1466 4870 errand-om
1478 4823 1630 4886 peccatores
1650 4815 1741 4871 sulcos
1764 4817 1853 4886 scivere

1026 4906 1051 4975 (l
1067 4907 1133 4961 Tim.
1151 4922 1189 4970 ιν,
1205 4904 1242 4976 9).
1259 4904 1332 4959 Hinc
1356 4920 1424 4977 ergo
1449 4903 1613 4960 mirabilior
1635 4907 1680 4959 cst
1705 4920 1775 4976 erga
1800 4921 1851 4960 nos

1027 4993 1227 5051 misericordia
1240 4993 1300 5061 Dei,
1322 4993 1399 5064 quod
1425 5010 1483 5048 uon
1504 5010 1557 5065 pro
1568 4992 1671 5064 justis,
1688 5009 1785 5065 neque
1800 5011 1851 5066 pro

1026 5083 1146 5149 sanetis,
1159 5083 1208 5139 sed
1220 5100 1271 5154 pro
1284 5081 1394 5154 iniquis
1409 5086 1437 5139 et
1452 5081 1551 5154 impiis
1567 5081 1702 5138 Christus
1716 5086 1762 5137 est
1777 5099 1852 5137 mor·

1024 5178 1113 5230 tuus:
1136 5178 1165 5228 et
1192 5189 1259 5228 cum
1286 5171 1389 5228 mortis
1405 5171 1541 5228 aculeum
1557 5172 1683 5244 recipere
1700 5172 1778 5228 280
1794 5188 1851 5228 non

1026 5268 1124 5336 posset
1139 5265 1244 5316 natura
1260 5260 1387 5327 deitatis,
1400 5261 1530 5333 suscepit
1545 5266 1643 5316 tamen
1660 5261 1808 5316 nascendo
1819 5278 1853 5316 ex

1026 5351 1111 5407 nohis
1126 5350 1202 5422 (pund
1222 5349 1313 5421 possit
1328 5350 1430 5404 otl'erre
1446 5368 1497 5422 pro
1513 5350 1607 5404 nohis.
1627 5374 1640 5398 »
1659 5351 1688 5404 ln
1706 5367 1784 5404 nona
1800 5349 1852 5405 ho·

1026 5438 1107 5496 milia
1123 5444 1190 5512 (rap.
1208 5442 1255 5506 2):
1272 5462 1286 5488 a
1299 5439 1409 5511 Lugeat
1424 5437 1550 5494 earnalis
1565 5438 1695 5506 ludens,
1712 5439 1763 5495 sed
1779 5455 1853 5511 gou-

1026 5530 1092 5585 dont
1109 5528 1250 5601 spiritalis
1266 5527 1460 5595 Christianus
1477 5532 1506 5584 et
1528 5527 1671 5584 festivitas
1699 5545 1763 5600 ques
1793 5527 1854 5584 illis

1026 5635 1165 5676 conversa
1179 5623 1224 5675 est
1239 5618 1269 5672 in
1285 5621 1411 5685 noctem,
1428 5617 1512 5675 nohis
1541 5622 1673 5675 coruscet
1698 5616 1729 5673 iu
1743 5616 1853 5681 lucem,
